2542 4724
401 267 660 349 Cauxv.
708 267 857 362 §.150.
991 280 995 297 '
1108 280 1184 359 789

86 463 136 535 dc
171 455 248 561 Usu
276 460 447 532 Petrum.
494 460 652 533 Accedit
687 461 885 559 Apologia
911 482 982 561 pro
1013 460 1180 565 Ecclefia

86 558 294 662 anglicana
310 562 395 636 odo.
412 584 592 656 nuperum
601 557 781 633 Schisma.
834 568 880 635 In
894 562 1019 637 lucem
1035 569 1180 662 prodiit

87 664 154 737 ille
177 663 301 735 Lond:
325 661 432 735 1627.
458 659 493 736 li.
534 667 661 758 Quum
686 678 815 736 autem
840 665 986 738 Auctor
1023 691 1178 745 omnem

87 766 385 838 moderationem
396 765 567 861 negligit,
579 787 755 861 magnam
770 765 884 835 enimi
901 768 1178 845 vehementiam

87 868 430 961 temeritatemque,
460 885 496 936 et
511 865 706 936 libidinem
719 867 972 939 calumniandi
983 867 1176 959 monstrat,

86 968 153 1041 ille
171 968 254 1039 sano
269 968 407 1037 librunr
427 966 534 1037 snum
551 981 683 1061 parum
702 968 982 1041 commendavit
1000 996 1041 1042 ac
1057 974 1177 1071 magis

87 1066 156 1143 fibi
181 1067 261 1163 ipu,
281 1082 399 1163 'quam
416 1069 572 1138 Dollaeo
592 1093 633 1139 ec
650 1065 788 1140 cauilae
805 1069 883 1141 eius
900 1073 1044 1146 nocuit.
1096 1073 1177 1169 lpse

86 1168 287 1267 fingulorie
323 1169 504 1265 quaedam
544 1166 721 1241 defendit.
773 1166 1078 1246 lustificationem
1112 1170 1195 1269 per*

87 1269 207 1345 solem
227 1269 341 1342 fidem
354 1272 517 1366 appellet
533 1265 648 1370 lusum
664 1271 845 1366 puerilem
862 1297 905 1344 uc
922 1271 1057 1356 scribit,
1076 1273 1177 1347 iusti·

43 1398 53 1423 ·
87 1371 278 1447 ficationis
312 1370 501 1442 eiusmodi
524 1395 639 1467 neque
661 1372 809 1457 oolarn,
837 1398 952 1468 neque
980 1365 1177 1473 vestigium
1225 1386 1229 1395 '

85 1474 130 1547 in
147 1472 332 1567 Scriptura
360 1478 394 1543 S.
421 1472 658 1567 deprehendi.
711 1473 829 1546 Verba
857 1474 936 1547 eius
961 1473 1046 1547 sunt
1070 1479 1178 1573 Apo·

88 1575 167 1673 leg.
193 1598 262 1670 pro
290 1564 472 1670 Ecclefioe
504 1571 646 1646 Patrib·
679 1575 764 1646 adv.
793 1576 999 1647 Dollaeum
1030 1600 1067 1673 p.
1093 1578 1176 1652 87.t

92 1675 194 1779 Quid
217 1679 387 1747 orentius
419 1677 522 1771 opud
552 1690 712 1749 rec'entes
742 1674 954 1787 Tlreologos
984 1702 1023 1749 re
1050 1682 1176 1767 eritur,

87 1802 205 1874 quam
239 1767 401 1872 quaestio
431 1777 477 1846 de
500 1766 756 1876 iustfieotione
775 1802 843 1873 per
852 1774 977 1875 fidem
1015 1779 1117 1851 olam
1140 1792 1178 1852 et

87 1901 166 1949 non
189 1870 410 1975 solitariam,
435 1891 550 1972 prout
564 1878 752 1971 pueriliter
768 1879 901 1949 ludunt
917 1882 1070 1975 quidem
1089 1881 1177 1952 dicti

87 1972 338 2077 Evangelici?
379 1968 509 2075 Aufim
527 1992 654 2074 operte
672 1968 860 2072 affirmare
884 1996 1014 2079 contra
1033 1995 1177 2054 utram-

87 2104 161 2177 que
173 2080 365 2174 panuliam
388 2092 469 2149 tom
488 2077 649 2162 Lutlreri,
670 2102 784 2173 quam
802 2079 959 2164 Caluini,
978 2085 989 2150 i
1005 2085 1178 2155 eiusmodi

87 2173 171 2281 iusti
192 2179 353 2252 'cationis
387 2205 501 2274 neque
526 2180 654 2251 volam
688 2205 803 2275 neque
824 2168 1019 2279 vestigium
1040 2186 1181 2280 percipi

85 2308 140 2383 po
169 2309 188 2352 e
209 2309 231 2353 o
244 2273 382 2378 fineero
397 2274 667 2381 perscrutatore
682 2284 887 2352 Sacrorum
902 2285 1181 2379 Scripturorum

88 2389 280 2463 omniumr
307 2378 803 2479 nullam,nesemelquidem,
835 2378 840 2392 ¹
868 2385 899 2454 ei
911 2373 1008 2480 estius
1007 2377 1181 2484 specialis

86 2489 313 2560 mentionem
323 2484 607 2585 irreidere,quorn
615 2472 932 2580 Reformatipleri
958 2487 1180 2560 uedoctores

89 2588 299 2687 explicant,
336 2584 396 2657 vel
424 2589 551 2682 potius
581 2602 656 2659 nort
688 2585 895 2681 explicant,
925 2510 990 2685 led
1014 2590 1117 2659 novis
1141 2602 1179 2661 et

88 2690 220 2765 arduis
244 2679 532 2786 distinctionibus
553 2688 715 2784 quotidie
733 2686 956 2761 luculentam
973 2680 1070 2788 erese
1086 2692 1181 2760 veri·

89 2804 210 2864 tutem
226 2805 261 2860 et
277 2782 481 2889 genuinam
498 2803 749 2886 corrumpunt.
758 2780 796 2877 *)
837 2788 1113 2888 Adiungendus
1128 2785 1179 2862 est
1247 2880 1251 2887 Ι

88 2897 191 2965 Per.
224 2896 437 2976 zoninus,
473 2888 539 2986 qui
570 2888 728 2962 caullam
757 2894 911 2961 Petrum
943 2890 1025 2987 egit·
1046 2907 1179 2969 contre

88 2994 289 3067 Dollaeurn
306 2992 346 3062 in
366 2991 406 3056 V
405 2992 545 3064 indietis
562 2996 721 3063 Petrum
735 3015 805 3089 per
821 3013 946 3062 omnes
961 2990 1064 3061 Fidei
1084 2988 1178 3062 clrri·

78 3084 233 3195 stiorroe
258 3094 452 3179 articulos,
477 3084 653 3191 oppofitis
677 3097 734 3163 Io.
757 3092 935 3164 Dolloeo.
986 3093 1180 3163 Accedunt

83 3189 242 3300 [electae
261 3188 539 3293 Observationes
556 3208 687 3264 contro
702 3195 918 3266 recentiores
927 3192 1083 3264 Petrum
1101 3218 1180 3265 een·
1216 3202 1222 3215 ¹

79 3292 200 3402 sores,
224 3296 379 3394 Anglos,
404 3295 557 3393 Belgas,
580 3295 724 3378 Gallos,
744 3318 836 3389 quas
862 3294 928 3365 sub
949 3295 1051 3367 larva
1077 3300 1179 3369 Pez-

91 3422 217 3473 storsn
236 3394 530 3492 paronomaliica
547 3394 663 3466 edidit
677 3392 814 3467 Giellae
830 3393 990 3471 tuone.
1001 3411 1038 3468 et
1053 3393 1179 3493 postea

89 3499 286 3572 transtulit
313 3496 355 3568 in
376 3491 640 3595 Opuseulorum
652 3489 798 3595 saeror.
825 3502 936 3568 Tom.
953 3502 983 3569 1.
1037 3502 1081 3569 In
1104 3499 1178 3571 iltis

90 3624 176 3673 non
191 3600 317 3675 solum
335 3598 542 3699 generatim
560 3595 838 3684 animadvertit,
848 3598 1008 3674 acriores
1023 3604 1179 3673 Petrum

93 3780 294 3797 ---

127 3858 152 3923 ·)
177 3852 254 3909 Gora
280 3850 455 3909 Serioenero
481 3851 552 3907 lecit
575 3847 616 3906 lo.
636 3849 717 3909 Brtn
742 3854 796 3911 Or.
814 3851 852 3906 cle
896 3851 1103 3909 rimeeoorum
1119 3852 1181 3912 1³1².

161 3924 353 3984 orrrtoritote,
386 3925 444 3977 edi.
469 3919 551 3999 liielr.
579 3920 694 3985 Rusclii
717 3920 845 3976 editioni
871 3870 925 3977 ΕΡ.
951 3920 1182 4001 apostolicorum

161 3991 193 4045 P.
213 3990 235 4045 l.
263 3993 336 4045 Add.
356 3990 484 4046 Merum
504 3988 639 4059 Drffertt.
657 3988 756 4061 select.
787 4010 814 4063 p.
833 3995 891 4048 146.
928 3992 1044 4048 Furem
1067 3991 1182 4063 llrffert.

161 4061 198 4113 cle
216 4054 431 4130 Iustificatione
456 4068 484 4112 et
508 4056 637 4112 annexis
654 4059 798 4129 capitibus
817 4078 845 4131 p.
861 4064 904 4117 45.
939 4058 1048 4119 Ulmo
1067 4065 1140 4120 1713.
1157 4063 1185 4119 4.

161 4127 276 4185 bonust
292 4126 375 4201 Isog·
393 4127 435 4184 od
450 4126 539 4184 tlreol.
555 4125 688 4198 univers.
704 4126 775 4186 Lib.
793 4128 830 4187 ll.
849 4128 918 4202 Cep·
934 4134 960 4188 8·
975 4132 1063 4203 §.130
1077 4146 1108 4205 p·
1123 4132 1185 4189 tou
