2542 4724
107 204 202 355 Ι516
460 266 546 347 ΟΛ
573 289 610 343 r.
637 226 704 341 ns.
754 264 791 355 5.
818 266 880 345 87.

125 460 415 563 praescriptum,
451 474 488 529 et
511 455 708 551 Baptismo
743 450 1004 532 destinandum
1031 454 1120 546 ess'e,
1154 464 1222 534 Cr·

129 586 311 639 rannus
337 558 384 632 ad
409 559 520 629 illum
543 549 752 655 Epistolam
776 556 902 629 scribit
918 553 956 650 ¹¹¹)
980 576 1094 656 atque
1117 585 1224 663 argu·

125 684 274 749 menta,
311 661 447 757 quibus
471 658 586 731 Fidus
612 658 834 729 sententiam
858 659 962 731 snam
985 661 1136 737 firmare
1159 690 1222 737 vo·

124 770 217 852 luit,
244 761 400 848 refellit,
425 760 501 833 illis
520 760 590 831 alia
609 759 773 859 opponit
789 762 929 832 ethanc
944 761 1057 857 ipfius
1075 762 1222 860 Episto-

125 873 183 943 lae
209 865 412 938 clausulam
437 860 561 932 addit:
605 863 655 930 Et
685 863 840 946 idcirco,
865 868 1010 933 ¹Frate
1032 858 1223 961 canffime,

126 970 219 1042 haec
240 966 318 1064 snit
344 968 381 1035 in
408 963 571 1045 Concilio
597 953 721 1058 nostro
734 958 943 1063 sententia,
972 991 997 1035 o
1021 969 1221 1063 Baptismo

127 1085 242 1166 atque
264 1095 288 1137 a
305 1069 435 1166 gratia
450 1067 544 1150 Dei,
572 1068 634 1159 qni
655 1063 822 1135 omnihus
847 1059 1047 1162 misericors
1068 1081 1105 1137 et
1128 1066 1224 1140 beni·

126 1196 226 1273 gnus
249 1182 286 1241 et
307 1171 391 1265 pins
416 1158 484 1265 est,
512 1170 693 1237 neminem
716 1192 784 1263 per
798 1191 865 1237 nos
882 1166 1010 1238 dehere
1023 1166 1220 1263 prohiberi.

129 1271 245 1377 qaod
269 1296 383 1365 qrrmn
416 1272 513 1339 circa
538 1260 721 1364 universos
747 1262 1014 1367 observandum
1028 1262 1086 1367 fit
1111 1286 1222 1367 atque

68 1438 76 1451 ,
126 1372 378 1456 retinendum,
405 1384 485 1439 tam
501 1372 626 1467 magis
642 1373 739 1439 eir'co
755 1368 920 1467 infantes
936 1363 1030 1465 ipsos
1047 1384 1086 1441 et
1100 1396 1222 1445 reeens

127 1489 240 1547 natos
265 1466 533 1569 observandum
554 1484 751 1565 putamus,
788 1474 851 1565 qrei
873 1470 942 1541 hoc
971 1465 1047 1572 ipso
1077 1472 1130 1544 'de
1155 1498 1221 1570 ope

127 1566 254 1672 nostro
272 1599 317 1643 ae
335 1574 379 1642 de
396 1572 521 1641 divina
537 1565 783 1669 misericordia
797 1572 880 1667 plns
899 1587 1096 1659 merentur,
1125 1572 1222 1671 qnod

128 1682 167 1748 in
189 1678 311 1772 primo
325 1664 461 1767 statim
490 1675 700 1743 nativitatis
713 1666 810 1774 suae
842 1682 926 1745 orta
957 1675 1155 1772 plorantes
1179 1698 1222 1747 ae

118 1774 258 1874 flentes
281 1774 373 1844 nihil
396 1774 499 1843 alind
518 1772 687 1871 faciunt,
731 1798 847 1869 qnam
870 1775 1129 1870 deprecantur.
1180 1776 1223 1849 ld

127 1876 235 1975 quod
258 1875 451 1974 egregium
473 1872 733 1949 testimonium
758 1872 826 1961 est,
861 1879 937 1947 sec.
963 1874 1048 1973 post
1070 1906 1111 1951 n.
1139 1882 1222 1955 Chr.

124 1984 189 2053 111.
214 1976 379 2049 infantes
395 1975 585 2072 baptismo
601 1977 773 2049 initiatos
792 2000 835 2049 ac
851 2002 979 2051 reram
997 1978 1045 2053 de
1065 1976 1139 2055 isto
1158 1976 1223 2055 do·

104 2080 287 2155 -ctrinam
312 2075 569 2150 conservatam
594 2075 710 2149 fuisse.
750 2080 994 2151 'Luculenter
1008 2078 1051 2151 id
1070 2108 1221 2181 quoque

80 2198 90 2217 ¹
119 2199 230 2281 patet
253 2206 299 2253 ex
325 2182 476 2250 Conone
491 2181 528 2251 2.
548 2178 708 2251 Concilii
724 2178 1057 2277 Carthaginiensis,
1084 2208 1119 2257 a.
1136 2186 1221 2261 253.

126 2281 313 2367 celebrati,
339 2280 381 2351 in
397 2305 473 2376 quo
493 2280 537 2352 de
550 2280 866 2376 Paedobaptismo
883 2282 937 2353 ita
951 2282 1142 2361 shncitum
1155 2282 1221 2361 est:

128 2388 347 2489 Quicunque
361 2382 539 2476 parvulos
555 2397 715 2453 recentes
731 2380 902 2453 alitteris
917 2400 1086 2459 matrum
1104 2388 1219 2488 bapti·

126 2487 268 2559 nendos
287 2497 425 2581 negat,
454 2497 522 2552 ant
538 2483 636 2568 dicit,
666 2486 703 2554 in
720 2475 962 2579 rcmiffionem
978 2490 1129 2583 quidem
1141 2512 1218 2589 pec·

59 2578 64 2597 ⁴
128 2601 300 2659 catorum
326 2608 387 2653 eos
415 2581 620 2678 baptizari,
646 2578 717 2683 secl
740 2583 832 2654 nihil
855 2610 903 2657 ex
918 2590 1051 2661 Adam
1077 2592 1217 2663 trahere

129 2687 325 2785 originalis
347 2688 512 2780 peccati,
566 2686 640 2759 nod
663 2691 955 2785 regenerationis
983 2690 1138 2767 lavana
1161 2718 1217 2767 en·

126 2794 267 2889 pietur,
300 2785 504 2857 anathema
514 2712 580 2885 lit.

228 2890 295 2959 IX.
330 2890 483 2987 Dogma
508 2890 553 2962 de
576 2892 615 2961 S.
636 2890 761 2963 Coena
787 2892 832 2965 ab
849 2890 1030 2968 Ecclesiae
1050 2896 1215 2971 Patribus

101 2992 241 3065 etiam
268 2989 529 3061 conservatum
555 3012 599 3063 ac
621 3013 874 3093 propagatum
901 2992 961 3068 est.
1021 2998 1107 3071 Vid.
1133 3004 1215 3073 sen·

127 3096 265 3165 tentiae
288 3094 354 3161 SS.
384 3095 544 3163 Patrnm
575 3092 621 3162 de
643 3097 769 3166 Coena
794 3100 972 3183 Domini,
1014 3096 1116 3173 hona
1133 3096 1213 3201 fide

125 3196 304 3265 recitatae
327 3219 351 3262 a
372 3198 492 3265 Plus..
514 3198 898 3291 Mennncnrnonn.
953 3197 1095 3273 witeb.
1125 3202 1214 3275 1530

126 3313 165 3367 et
179 3320 250 3367 rec.
271 3290 380 3367 1573.
408 3294 444 3369 8.
500 3300 622 3391 Quam
640 3322 714 3369 nos
735 3299 961 3371 confitemur
978 3300 1025 3373 de
1042 3300 1212 3397 mysterio

122 3398 210 3481 hoc,
219 3396 387 3469 veritatis
397 3393 609 3469 testimonie
628 3399 775 3497 egregia
792 3400 835 3471 ab
845 3400 891 3471 iis
899 3400 1083 3477 habemus
1097 3404 1213 3501 iisque

123 3516 256 3569 contra
267 3496 373 3569 aliter
383 3497 580 3571 sentientes
597 3498 870 3597 utipollumus.
888 3494 1213 3602 IcnnswsEpist.

107 3600 177 3669 'ad
192 3598 423 3695 Philadelph.
443 3606 530 3695 Cap.
549 3604 609 3673 IV.
629 3625 666 3696 p.
686 3600 746 3675 66.
775 3600 919 3674 scribit:
955 3604 1145 3701 σπουδᾶζετε
1164 3600 1215 3679 adr

122 3706 181 3795 μιᾷ
197 3696 389 3795 εὐχαριστίᾳ
403 3708 560 3796 χρῆσθαι·
577 3705 635 3793 μία
650 3702 709 3798 γὰρ
726 3705 804 3797 σὰρξ
820 3708 880 3776 τοῦ
899 3716 1003 3798 κυρίου
1023 3708 1111 3801 ἡμῶν
1127 3713 1216 3801 Inoni

122 3806 256 3895 Χριστοῦ
271 3800 324 3870 nai
348 3802 380 3871 ir
397 3806 548 3895 ποτήριον
564 3809 605 3887 εἰς
632 3802 736 3873 ἕνωσιν
752 3814 815 3877 τοῦ
830 3810 960 3897 αἵματος
977 3803 1090 3881 αὑτοῦ.
1121 3812 1215 3907 Ope·

123 3929 208 3973 ram
230 3905 347 3999 igitur
369 3902 481 3991 cletis,
511 3916 552 3975 nt
575 3930 650 3975 nna
669 3898 900 4003 Eucharillia
921 3912 1091 3983 utamini.
1129 3914 1216 3986 Una

126 4060 333 4071 ——u-oo—

152 4148 180 4209 4)
207 4140 337 4215 Epistola
360 4144 436 4203 inec
461 4144 501 4202 cll
526 4148 606 4205 inni
629 4148 760 4225 reliqna·
785 4144 867 4205 LIX.
894 4165 926 4221 p·
950 4150 993 4209 97.
1030 4148 1121 4221 Oper.
1147 4150 1217 4211 edil.

187 4210 323 4270 lissum.
