2542 4724
391 270 635 351 CA1·.1X.
687 246 721 369 ς.
750 274 819 347 aa·
1064 248 1148 339 507'

45 456 265 567 mysterium
299 454 583 565 sacrosanctum
624 454 921 559 repraesentant,
974 458 1160 537 videlicet.

45 576 196 653 Deum,
222 570 456 649 Sermonem,
488 566 732 659 Sapientiam.
748 562 786 651 *)

152 672 216 741 111.
242 664 426 739 Doctrina
446 664 491 735 dc
508 666 666 735 Peccata
693 668 847 763 originis
865 688 884 737 a
900 666 1072 739 Patribus
1089 666 1146 741 di·

47 774 213 873 ligenter
236 768 371 838 tradita
396 764 443 839 est
468 766 599 859 illique
623 767 758 839 maiori
775 763 921 853 studio,
949 792 1064 863 quam
1082 794 1148 841 an·

49 892 112 949 tea
138 870 281 945 sactum
300 867 442 953 fuerat,
475 868 515 937 in
528 886 726 963 peccatam
752 868 826 940 hoc
850 868 1148 963 irrqnisiuerunt3

48 974 251 1049 mesalum
261 966 528 1051 monstrarunt,
545 992 677 1043 omnes
694 970 868 1043 homines
885 967 942 1043 isti
957 964 1150 1045 obnoxior

51 1076 140 1161 ello,
176 1070 239 1149 sed
265 1072 378 1145 etiam
398 1088 571 1141 naturam
599 1087 711 1165 atque
732 1070 903 1145 indolem
928 1074 1007 1146 eius
1032 1072 1152 1172 expli-

51 1192 197 1251 oarunt.
215 1174 276 1261 *ἢ
336 1172 458 1245 Stadii
482 1168 594 1241 huius
616 1169 850 1247 occasionem
874 1174 978 1245 dedit
994 1172 1151 1249 haeresia

51 1278 263 1379 Pelagiana.
317 1274 493 1369 Princeps
510 1274 608 1344 inter
627 1278 817 1349 Doctores
832 1276 905 1349 hos
919 1274 1058 1353 exstitit
1071 1282 1156 1349 And

58 1399 269 1453 castrans
302 1402 344 1451 ac
363 1376 509 1447 nmltos
527 1374 647 1447 libros
671 1376 877 1473 Pelagianie
895 1380 1077 1475 opposuit
1091 1378 1158 1451 iis-

55 1504 131 1579 que
158 1476 338 1562 ostendit,
391 1500 523 1551 omncs
553 1476 729 1565 homines
754 1478 850 1549 vitio
884 1480 960 1551 hoc
991 1478 1159 1553 infectos·

56 1578 148 1657 esse:
174 1576 373 1679 gravando
387 1578 485 1649 illud
508 1580 664 1649 malum.
717 1579 866 1653 Primus
882 1578 978 1668 fuit,
1006 1582 1074 1681 qui
1093 1580 1159 1653 de·

54 1682 276 1759 finitionem
293 1679 436 1777 peccati
451 1676 563 1751 huius
591 1679 696 1750 daret
718 1678 891 1777 illudque
915 1708 1068 1778 pravam
1094 1698 1159 1777 a'p.

56 1779 587 1883 pelleret'eoncupiscentiam.
638 1782 857 1855 Proximam
866 1782 1025 1858 caussam
1041 1784 1158 1869 illiue,

58 1910 183 1983 quum
206 1908 274 1983 per
296 1880 507 1953 naturalem
531 1882 814 1975 generationem
834 1908 953 1983 propa
984 1901 1088 1971 atur,
1121 1888 1162 1957 et

57 1982 294 2067 lianoseoit,
320 1981 501 2078 quoniam
525 1976 609 2075 post
629 1982 780 2079 lapsum
802 2008 918 2057 nemo
947 1912 1164 2083 [ineptave

61 2084 366 2183 concupiscentia
391 2084 433 2155 in
455 2082 580 2153 lucem
605 2083 788 2177 prodiret.
839 2090 909 2156 Per
924 2088 1165 2181 Baptismunt

60 2202 211 2265 reatum
234 2185 377 2283 peccati
405 2182 511 2265 tolli,
545 2180 598 2255 ita
623 2200 770 2269 tamen,
804 2202 850 2261 ut
871 2186 996 2283 ipsum
1011 2202 1166 2263 maneat

61 2280 276 2391 peccatum,
302 2286 410 2383 saepe
428 2283 672 2379 multumque
692 2284 868 2383 disputat.
919 2294 1082 2365 Beatum
1099 2288 1166 2365 de.

62 2392 193 2467 scribit
208 2414 274 2485 per
296 2384 566 2481 obligationem
583 2386 636 2459 ad
658 2384 814 2459 hominis
829 2388 1113 2463 danrnationern
1129 2404 1168 2466 tt

54 2496 341 2599 separationem
366 2514 390 2561 a
413 2508 531 2585 regno
558 2488 642 2559 Dei.
668 2494 671 2499 '
701 2492 816 2561 Hunc
838 2514 905 2587 per
926 2492 1168 2587 Baptismunt

66 2593 230 2677 aboleri,
270 2596 354 2661 non
377 2604 505 2661 nutem
530 2588 619 2664 tolli
640 2608 857 2687 peccatum,
906 2590 1038 2669 diserte
1061 2590 1169 2667 teste·

66 2716 144 2771 tur.
160 2694 242 2783 ***)
299 2698 446 2765 Praeter
471 2686 739 2787 Augustinnm,
766 2692 866 2765 inter
882 2694 1024 2769 latinos
1040 2698 1169 2771 Ecclo⁴
1245 2726 1251 2739 ·

68 2796 143 2873 fiae
157 2802 348 2869 Doctores
371 2798 660 2864 Hmnonrntos
676 2794 885 2891 Pelagianie
908 2792 1040 2869 restitit
1058 2814 1172 2895 atque

68 2898 206 2973 itidem
233 2920 274 2969 ea
300 2893 474 2975 tradidit,
511 2916 607 2987 quae
631 2893 679 2963 ad
705 2894 917 2969 doctrinam
943 2898 990 2971 de
1012 2914 1170 2993 peccato

71 2998 234 3101 originis
258 2996 459 3091 pertinent.
526 3002 606 3067 Nec.
629 2995 731 3089 apud
756 2996 920 3067 Graecos
953 2999 1171 3076 defuerunt.

72 3108 180 3199 Quae
201 3098 243 3169 id
264 3094 512 3184 confirmant,
561 3090 775 3167 testimonia
797 3097 839 3169 in
867 3096 1011 3195 scriptis
1035 3128 1176 3179 eornm

72 3200 296 3279 conservata
310 3198 417 3285 sunt,
442 3200 609 3271 Macmii
624 3198 832 3297 utriusque,
855 3189 1068 3301 Athanafii,
1097 3208 1177 3309 Cy.

71 3368 313 3391 μ

107 3460 137 3533 ·)
162 3458 271 3523 Plura,
295 3476 390 3535 eaque
411 3457 525 3543 elassiea
549 3458 615 3513 laet
643 3456 784 3519 Petrum.
808 3458 869 3515 hue
891 3460 1092 3533 pertinentia,
1121 3450 1177 3543 qni

146 3526 323 3599 cognoscere
348 3538 449 3603 eupit,
481 3534 568 3583 adeat
592 3527 643 3583 W.
667 3528 849 3583 Montanum
872 3528 980 3585 Lesura.
1010 3532 1038 3585 el.
1065 3528 1177 3600 christi.

145 3596 200 3653 Da
224 3596 380 3671 mengrsctr
427 3598 538 3655 ΛιιΜ
579 3616 620 3653 m.
640 3596 768 3667 Belegen
788 3616 816 3653 a.
833 3598 863 3654 rt.
884 3600 1109 3677 puellensalnr.
1130 3606 1179 3663 ed.

148 3682 179 3725 v.
230 3684 281 3721 an.
300 3684 326 3726 o.
348 3666 433 3723 Cdlln
451 3668 473 3735 l,
492 3672 544 3727 160
559 3666 619 3743 sqq.

107 3752 214 3831 0⁹)'0s
241 3760 317 3815 Dan.
337 3780 364 3814 v.
382 3762 482 3817 ῦὸιικ
504 3762 542 3815 ad
562 3758 779 3819 Miintcmon
797 3760 815 3817 l.
835 3760 856 3817 l.
874 3780 905 3837 p.
924 3766 983 3823 843-
1017 3762 1178 3823 Beonan·

150 3828 616 3971 ἷέιιιὼίιὶιιίἳςιυὶωὶοὶοςιηιημίιὴ.
636 3834 657 3901 l.
668 3836 711 3891 52
722 3835 765 3891 ὀᾶ
799 3832 909 3891 Sum
927 3832 1027 3893 l’lteol.
1040 3837 1179 3907 dogmat.

109 3998 170 4059 ⁸¹¹)
191 3994 258 4047 via.
279 3992 301 4045 1.
321 3994 373 4047 Gr.
391 3994 488 4049 l'orar
516 3994 716 4050 Commenta.
743 3994 780 4047 cle
804 3993 918 4049 theoria
942 3994 992 4050 Au
1016 3990 1180 4063 nstiniana.

152 4060 338 4133 Pelagiaaa,
373 4062 612 4133 Seraipelagiana
638 4070 666 4113 et
691 4060 893 4137 Synergistica
919 4060 952 4116 in
1000 4063 1116 4118 octrina
1142 4066 1181 4123 a·

153 4140 274 4205 peceato
292 4130 455 4207 originali,
471 4129 574 4205 gratia
592 4138 622 4185 et
639 4130 730 4189 libero
748 4130 894 4201 arbitrio,
909 4132 990 4192 oete.
1008 4138 1082 4195 1829.
1100 4136 1126 4195 4.
