2542 4724
84 363 86 366 Α
137 282 215 360 716
408 284 594 353 ·ὓ-ιι·.
621 280 719 371 XIV.
772 272 809 362 §-
837 270 922 349 134,

138 470 297 547 nomine
313 464 492 541 illectam
507 460 682 549 exsistere,
700 480 899 580 antequam
919 486 1087 561 corpora
1111 488 1237 543 earum

139 562 373 653 formentur,
398 564 630 649 existimavit,
655 546 761 659 qriod
783 591 865 636 non
891 565 1017 637 solum
1041 568 1238 661 Hierony·

138 698 238 758 mus,
261 667 502 769 Augustinus,
534 664 769 781 Epiphanius
795 662 987 751 testantur,
1019 667 1088 739 sed
1124 671 1235 743 etiam

140 800 188 847 cx
223 775 382 869 Origene
421 769 502 863 ipso
538 770 652 861 patet.
727 772 827 838 Eum
857 792 974 861 porro
1019 792 1234 862 poenarum

139 873 384 947 infernalium
404 888 440 941 et
461 868 650 939 felicitatis
670 866 834 939 coelestis
852 887 1013 963 tempus»,
1033 873 1150 943 certis
1167 892 1234 943 ter·

139 976 257 1047 minis
285 970 604 1063 circumscriptum
622 966 791 1051 ltatuille,
819 970 949 1043 itidem
970 968 1142 1058 constat3
1169 998 1234 1044 nec

137 1074 357 1171 negandum
388 1069 448 1153 est,
474 1071 580 1164 quod
603 1072 754 1165 Pelagio
778 1070 877 1140 riam
901 1074 1095 1163 paraverit
1113 1092 1151 1145 et
1170 1075 1232 1145 do·

139 1176 262 1247 cuerit
278 1172 379 1244 illins¹
387 1169 742 1254 erroribussrmilia3
770 1172 877 1265 quod
895 1173 1122 1259 lententias,
1148 1176 1231 1247 Scri·

138 1280 315 1373 pturaeS.
332 1272 432 1343 haud
448 1272 724 1355 consentaneas,
741 1272 959 1366 prodiderit.
1015 1276 1094 1345 Sed
1112 1294 1230 1347 tamen

139 1394 296 1477 propter
332 1376 509 1471 dogmata
547 1372 637 1443 haec
668 1374 887 1471 Origenes
876 1400 915 1443 ιιι
942 1378 1228 1449 Haereticorum

138 1502 343 1549 numerum
367 1473 498 1545 referri
521 1492 586 1543 aut
604 1474 771 1544 damnari
787 1500 865 1545 non
885 1479 1026 1567 potuit,
1047 1480 1226 1571 quoniam

137 1578 173 1651 is
198 1596 346 1648 tantum
370 1602 415 1646 ex
430 1576 510 1645 iure
530 1571 767 1646 eccleliastico
782 1600 850 1669 pro
869 1579 1076 1648 Haeretico
1094 1580 1226 1651 haben·

140 1680 211 1750 dus
246 1676 306 1761 est,
344 1677 474 1771 quiin
499 1676 768 1770 principalibus
794 1676 989 1748 doctrinae
1010 1679 1224 1753 christianae

136 1779 324 1873 'capitibus
354 1778 550 1847 averitate
574 1777 727 1848 discedit
757 1794 795 1848 et
819 1802 959 1849 errores
987 1782 1224 1874 pertinaciter

140 1878 309 1951 defendit
328 1899 365 1949 et
383 1876 610 1949 dillerninare
633 1877 828 1961 annititur,
848 1880 1070 1953 cuiusmodi
1089 1880 1223 1955 factum

137 1978 208 2052 elle
225 1981 270 2051 ab
288 1983 458 2078 Origene,
480 1980 637 2049 minime
659 1979 859 2050 dicendum
878 1978 936 2051 est.
991 1984 1221 2078 Disputatio·

137 2104 205 2153 nes
233 2084 334 2153 enim
366 2082 411 2153 de
444 2080 614 2151 doctrina
640 2080 719 2152 cius
746 2082 1002 2166 comaclum,
1040 2106 1164 2177 quum
1186 2088 1220 2157 in

134 2182 233 2255 vivis
258 2180 326 2255 elle
352 2184 429 2253 ianr
459 2180 620 2253 destillet.
672 2190 756 2253 Irno
780 2182 868 2253 licet
889 2184 928 2253 iu
951 2186 1220 2279 quibusdamr

134 2284 292 2355 ueritate
308 2284 541 2365 aberraverit,
558 2284 597 2352 in
616 2283 696 2355 aliis
709 2303 846 2367 tamen,
869 2310 964 2379 quae
978 2288 1117 2360 itidem
1137 2290 1220 2361 obii·

135 2384 298 2470 ciuntur,
320 2410 407 2457 eum
423 2384 673 2455 excusandum
690 2384 767 2469 elle,
785 2387 887 2456 docti
900 2388 978 2456 Viri
994 2390 1219 2461 iudicarunt.

133 2492 213 2557 Nec
228 2484 338 2559 iulias
358 2484 493 2558 &rullus
512 2484 648 2567 adello,
673 2512 758 2557 eum
778 2488 975 2558 excolendi
994 2488 1219 2573 diffitebitur,

134 2588 201 2681 qui
225 2586 402 2659 marlino
418 2588 581 2682 partium
595 2584 724 2658 studiis
741 2588 942 2659 diiudicare
960 2609 997 2661 et
1015 2596 1218 2687 expendere

131 2688 235 2769 velit,
251 2691 438 2759 nonnulla
457 2688 700 2759 commodam
726 2690 919 2760 admittere
943 2693 1217 2788 interpretatio·

131 2812 240 2873 nem,
275 2788 302 2859 fi
327 2814 468 2883 aequus
498 2791 616 2858 lector
642 2791 809 2873 accedat,
837 2792 907 2861 alia
932 2796 1215 2867 Haereticorum

131 2887 266 2961 fraude
292 2890 358 2961 elle
382 2892 619 3006 interpolata,
649 2893 717 2961 alia
734 2892 1058 2987 Philosophorum
1080 2918 1117 2968 et
1132 2904 1216 2969 llae-

130 2992 337 3061 reticorurn
355 2992 547 3086 principiis
569 2992 812 3063 consentanea
830 2994 876 3064 ab
894 3018 939 3064 eo
964 3012 1121 3069 tanturn
1141 3022 1216 3093 pro·

133 3092 248 3185 poni,
289 3118 371 3162 non
403 3092 592 3163 adfirmari
623 3120 664 3165 ac
692 3092 821 3165 llatui:
870 3096 1018 3189 ipsos
1006 3124 1091 3169 uno
1128 3101 1217 3171 illius

128 3192 305 3275 libros,
296 3220 334 3263 m
368 3196 503 3309 quibus
535 3196 732 3288 praecipue
764 3222 905 3267 errores
943 3218 1146 3286 notantur,
1181 3202 1215 3269 in

126 3294 320 3391 privatum
348 3296 555 3365 anticorum
575 3296 683 3366 ulum
708 3296 776 3368 elle
800 3298 1056 3393 compolitos,
1085 3328 1156 3375 nec
1178 3302 1215 3371 eb

127 3393 209 3489 ipso
240 3396 404 3491 Origine,
435 3396 497 3465 led
523 3395 567 3464 ab
599 3398 717 3467 aliis
706 3424 746 3467 ιιι
777 3400 898 3469 lucem
930 3402 1070 3475 editos.
1127 3412 1217 3501 Quae

127 3520 247 3593 quum
278 3497 328 3566 ita
363 3494 443 3580 sint,
478 3498 580 3566 haud
612 3495 808 3570 difficulter
839 3501 1141 3595 intelligendum
1166 3502 1217 3587 elt,

126 3596 248 3691 qualis
263 3594 411 3668 fitratio
430 3598 711 3669 Controverline
725 3602 770 3669 de
763 3602 951 3695 Origenis
963 3604 1217 3685 Ortlrodoxie,

128 3716 167 3771 et
177 3695 285 3768 finrnl
297 3700 510 3770 luculenter
520 3700 736 3784 videndum,
751 3704 838 3808 quid
846 3726 941 3796 prat·
945 3730 991 3773 ue
1001 3712 1218 3802 cupiditates

126 3802 165 3873 in
192 3798 461 3869 certaminibus
500 3800 665 3897 tg'lreolo
631 3806 716 3871 ‘ucis
750 3794 886 3893 efficere
915 3798 1069 3899 'poffiun
1134 3810 1218 3883 Scri·

127 3900 322 3996 ptoribus,
355 3898 425 3971 hac
450 3901 495 3969 de
520 3928 560 3971 re
581 3902 657 3971 iam
675 3906 914 3987 memoratis,
947 3909 1118 3981 addendi
1145 3912 1217 3983 lunt

128 3996 1214 4107 Cnsr.Sncrrran1usIutrod.mlljtecclesrostp1113.

123 4106 184 4175 Io.
221 4108 375 4179 efferre
404 4108 616 4177 Bunnrus
646 4102 789 4205 Isaeo
718 4130 805 4177 reo
841 4108 893 4179 cul
926 4108 1044 4183 theol.
1064 4036 1214 4209 writer]
