2542 4724
271 340 282 355 ··
369 256 884 377 oratiototam.
1099 274 1178 359 059

77 474 164 587 feff.
184 478 424 577 Gregoriono
439 470 474 578 s.
490 474 536 549 de
553 475 727 574 Gregorii
739 476 798 545 M.
815 473 1000 547 doctrina.
1039 471 1178 577 colon.

82 580 325 665 1597.1605.
351 581 389 654 8.
1171 580 1177 591 “

188 692 355 759 Srnusrr
376 668 590 779 Cyrmensu
605 671 841 769 Θεολογσῦμενα
855 672 1030 775 enposuit
1044 678 1178 751 curn.

82 790 282 863 Rrerrrun
316 781 462 854 Differt.
497 804 613 875 quam
654 780 771 877 praes.
795 782 922 851 Mart.
958 776 1180 851 otladmtot
1260 870 1263 875 Ι

81 888 245 963 Vitemb.
266 883 363 958 1713
381 880 523 953 habuit.
1168 898 1171 903 ·

189 988 236 1060 de
263 984 434 1058 doctrina
458 990 622 1055 Iunrmr
649 980 734 1054 deni
763 1006 828 1069 ue,
861 980 985 1077 Epiro.
1009 978 1182 1053 Africani

85 1096 164 1166 Sec.
174 1094 250 1174 vt,
268 1104 368 1161 extat
379 1091 421 1157 G.
432 1085 664 1156 Minorem
681 1008 827 1183 Syitem
843 1085 879 1154 d.
896 1080 1183 1154 Kirchenvatera

83 1192 252 1269 lauritius.
303 1188 460 1259 Lubeck
481 1186 591 1259 1787.
618 1184 655 1257 8.
709 1182 850 1281 Quodfi

142 1348 148 1355 .
190 1298 497 1365 Bennnennurn
526 1283 729 1359 christianis
745 1282 993 1371 Doctoribus3
1019 1286 1184 1359 Patroni

86 1394 247 1471 nomine
279 1393 406 1472 claris,
437 1394 700 1459 'annumerare
732 1388 912 1472 velimus,
955 1406 994 1459 ot
1024 1382 1089 1457 iste
1121 1384 1183 1457 in·

86 1516 148 1571 ter
164 1491 277 1568 'testeo
299 1491 467 1565 veritatis
494 1490 728 1586 evangelicae
749 1482 879 1561 locum
902 1504 1023 1571 tenet,
1052 1510 1184 1582 quem·

87 1596 300 1671 admodum
323 1620 368 1665 ex
386 1600 456 1663 Gn.
474 1597 523 1663 H.
542 1595 725 1662 Gou‘rzu
744 1586 1024 1662 Sctrediasmate
1046 1590 1093 1663 tie
1106 1590 1185 1659 Lu-

87 1698 316 1775 tltemnismo
338 1693 560 1769 Bernhardi.
611 1692 872 1773 Dread.1701.
896 1692 933 1769 4.
959 1706 1075 1789 patet.

451 1944 456 1953 ·
565 1918 602 2009 §.
647 1912 709 1991 95.

100 2158 141 2171 .,
192 2084 531 2161 Enumeravimus
557 2082 770 2185 singularia
800 2082 965 2188 scripta,
998 2112 1101 2187 quae
1132 2088 1190 2167 ad·

88 2190 255 2267 Parrum
278 2187 528 2285 theologiam
549 2184 817 2286 dogmaticam
838 2190 1043 2289 pertinent
1066 2206 1189 2289 atquo

79 2314 144 2365 eo
161 2288 347 2389 inprimis
364 2288 549 2387 spectant,
576 2304 623 2361 ut
648 2312 697 2361 ex
719 2289 885 2363 illorum
906 2293 1186 2369 monumentis

88 2388 321 2478 ostendant,
349 2391 595 2487 antiquiores
612 2392 814 2464 Doctores
837 2390 1064 2466 testimonia
1081 2394 1195 2467 veri-'³

88 2490 184 2567 tatis
208 2490 463 2589 evangelicae
485 2492 699 2589 praebere,
724 2506 765 2564 et
787 2492 962 2591 maxime
986 2518 1080 2567 cum
1103 2486 1193 2591 Lai-j

89 2592 272 2667 theranis
298 2590 534 2666 consentire.
585 2592 700 2667 Libri
718 2592 902 2689 quidam,
930 2595 1001 2691 qui
1024 2594 1106 2669 huc
1124 2619 1192 2669 re-

91 2690 256 2781 ferendi
281 2688 357 2765 effe
380 2692 513 2767 videri
536 2692 716 2793 poliunt,
744 2720 767 2767 a
792 2695 912 2768 nobis
934 2693 1059 2770 omiffi
1081 2694 1191 2787 funt·

93 2794 290 2893 quoniam
306 2794 559 2891 putavimus,
588 2820 658 2869 eos
676 2796 783 2869 inter
799 2796 1001 2893 reliquos,
1030 2797 1199 2872 anobis·

94 2909 449 2982 commemoratos‚
476 2894 1191 2979 accurateaciustelocumnontueri.

92 2998 221 3075 Nunc
250 3012 384 3069 tamen
415 2996 509 3071 illos
540 2996 829 3097 subiungemus
860 3022 905 3073 ac
939 3000 1200 3075 coniunctim·

96 3096 387 3185 enarrabimus.
448 3102 551 3173 Sunt
583 3100 628 3173 in
659 3124 802 3174 eorum
829 3124 1002 3176 numero
1031 3098 1197 3202 scripta,-

94 3220 200 3297 quae
214 3196 295 3271 iam
311 3194 553 3295 sequuntur:
1087 3240 1094 3249 ·

184 3304 429 3375 oar-onim
453 3310 632 3377 Eenutur
653 3306 854 3376 Selectiorn
869 3308 1029 3375 Petrum
1052 3305 1192 3377 iudicia

97 3404 144 3479 de
157 3406 342 3500 Pericopr's
360 3407 602 3503 evorrgclicis‚
629 3431 726 3500 quae
745 3410 944 3500 quotannis
967 3408 1003 3476 in
1023 3399 1194 3503 Ecclefiis

97 3495 302 3601 christianis
317 3507 562 3601 explicantur,
590 3509 763 3607 Regiam.
785 3506 893 3581 1560.
924 3504 994 3578 fot.
1047 3514 1193 3581 Vocem

94 3606 258 3679 Petrum
283 3627 416 3679 auctor
439 3611 554 3680 sumit
567 3612 704 3682 latiore
718 3608 990 3707 fignificatione
1005 3632 1047 3680 ao
1062 3632 1129 3703 per
1145 3610 1198 3679 il-

95 3710 160 3783 lot
188 3708 371 3806 intelligit
402 3736 484 3781 non
523 3730 673 3783 tantum
708 3711 940 3807 antiquiores
974 3708 1195 3783 christianos

97 3814 290 3885 Doctores
317 3810 379 3883 sex
397 3814 568 3907 priorum
595 3814 826 3895 seculorum,
851 3812 915 3883 sed
941 3835 1006 3884 eos
1026 3834 1195 3907 quoquc,

96 3910 166 4007 qui
193 3910 319 4007 postea
350 3915 542 4007 usquead
570 3914 733 3986 seculum
762 3920 841 3983 XV.
880 3914 1067 3985 vixerunt.
1125 3916 1196 3997 Ea,

97 4034 198 4106 quae
214 4018 339 4091 Patres
361 4018 401 4087 hi
419 4020 459 4087 in
475 4020 671 4113 Pericopas
696 4040 737 4087 ac
755 4013 921 4114 singulos
943 4016 1091 4084 illarum
1110 4036 1195 4083 ver·

97 4114 161 4187 sus
186 4119 433 4190 commentati
458 4120 566 4208 sunt,
600 4117 787 4217 Epplinuo
810 4117 1009 4213 diligenter
1038 4114 1195 4213 collegit
