2542 4724
91 284 169 363 606
428 282 517 361 Gt
543 308 580 359 r.
617 290 664 359 X.
717 285 758 378 §.,
785 270 872 361 tot.

89 476 203 550 hrum
230 492 356 548 antem
375 484 507 545 eontra
524 470 763 568 Fulgentium
780 464 1026 566 Donatistam
1046 474 1089 551 in
1105 504 1190 553 nro·

90 577 285 649 frumentis
310 574 527 647 adulterinis
549 572 828 645 numerandum
860 573 949 662 elle,
983 600 1056 673 pro
1084 600 1189 656 certo

22 778 27 785 1
93 676 296 750 affirmant.
308 675 346 767 *)

98 796 105 807 ’
195 796 1188 895 ill)Anthropomorpititas,CrnrnnnsAleae.

88 902 188 978 libro
205 916 338 976 contra
354 898 775 996 Anthropomorplr'itas,
793 925 906 997 quem
925 904 1071 1003 Bonae.
1091 912 1139 977 V
1134 910 1189 980 ni·

87 1004 386 1179 Ξαηίαἶέἆόἱιηὲε
410 1024 464 1102 gr.
483 1019 520 1074 et
540 1000 605 1073 lat.
623 1026 653 1073 c.
673 1018 820 1085 annott.
841 1002 1034 1102 vulgavit,
1060 1010 1187 1110 Lugd.

122 1122 172 1177 at.
304 1156 313 1175 .
366 1157 375 1176 .

132 1308 136 1317 ,
193 1225 258 1321 15)
283 1232 580 1313 Ioviniaaos,
599 1232 888 1300 Hmaonrmns
903 1229 1010 1306 libris
1033 1233 1187 1313 duobus

91 1332 138 1405 eie
149 1334 368 1431 ,virginitate
386 1333 472 1401 adv.
488 1332 726 1401 Iovinianum
733 1355 752 1408 ,·
766 1331 962 1427 Apologia
979 1334 1067 1406 acio.
1082 1362 1184 1411 eum.

91 1434 176 1507 dem
190 1437 427 1504 Iovinianmn
444 1433 495 1503 aei
511 1429 798 1501 Pammachium
806 1447 820 1517 3
849 1432 933 1505 ada.
952 1432 1184 1535 defensorem

91 1538 279 1608 Ioviniani
300 1534 351 1603 ad
365 1534 629 1603 Dorrrrrionem.

193 1661 258 1752 16)
278 1663 322 1728 H
327 1660 612 1742 elvidiaaos,
629 1618 1032 1735 Hmnonrnrnslilrro
1044 1664 1092 1737 de
1100 1689 1187 1763 per-

86 1774 204 1861 petaa
218 1763 436 1858 virginitate
453 1761 540 1831 ado.
559 1760 787 1830 Helvidium.

190 1889 255 1979 17)
282 1866 703 1981 'Luciferianom
733 1883 864 1957 itidem
888 1894 1182 1967 Hrenoarnas

86 1987 196 2060 Dtat
222 1989 307 2060 ado.
337 1977 596 2084 Luciferiaaos
620 1986 647 2058 i.
669 1987 927 2063 Altercatioae
953 1992 1184 2090 Lueij'eriaai

87 2089 365 2196 et‘Ortltodoaci.

190 2214 255 2305 18)
280 2212 589 2314 Pelagianos,
607 2216 1052 2313 HmnomrmnsEp.ad
1069 2210 1180 2320 Ctefi·

86 2312 265 2417 phorrtem
278 2317 363 2388 adv.
381 2318 591 2414 Pelagium,
610 2340 683 2412 qua
700 2315 970 2413 aCtefiphonte
984 2320 1180 2395 consultus

87 2416 135 2513 de
151 2415 387 2517 quaestione:
417 2420 555 2490 Utrum
570 2430 810 2513 peccatoram
834 2418 996 2491 radicem
1014 2424 1069 2491 ita
1113 2424 1179 2494 ais·

87 2532 204 2619 qaam
224 2520 353 2591 valeat
377 2519 538 2605 evellere,
565 2533 605 2589 ut
630 2519 804 2613 reliquiae
829 2519 954 2590 nullae
974 2448 1182 2622 [aporiati

87 2647 134 2696 eo
169 2621 288 2693 modo
323 2618 536 2716 respondet,
571 2637 615 2691 ut
643 2619 754 2691 linrul
791 2621 1008 2716 praecipuas
1041 2622 1180 2724 Pelagii

87 2722 293 2821 opiniones
324 2720 591 2817 reprehendat,
629 2745 671 2792 ac
693 2721 864 2819 Dialogo
891 2723 976 2793 ado.
1001 2724 1180 2825 Pelagia-

46 2912 49 2921 .
86 2824 175 2910 rios,
211 2822 277 2918 qui
301 2822 421 2894 tribus
446 2819 589 2895 constat
612 2820 734 2904 libris,
763 2838 889 2916 quove
914 2825 1175 2919 Hieronymus

86 2926 139 2997 ita
168 2922 315 3008 differit,
338 2942 382 2994 ut
408 2923 503 2997 fictis
527 2922 748 2996 nominibus
772 2939 902 2993 utatur
922 2941 958 2994 et
975 2924 1044 2996 sub
1062 2929 1178 2999 Attici

83 3024 243 3099 nomine
260 3024 478 3097 sectatorem
494 3035 600 3097 verae
618 3024 828 3106 doctrinae,
857 3023 1039 3099 critobuli
1053 3046 1174 3101 autem

81 3126 311 3200 haereticum
347 3151 508 3222 eumque
539 3125 781 3225 Pelagianum
814 3126 1037 3220 loquentem
1069 3125 1170 3201 iistat.

81 3228 188 3301 Idem
216 3228 475 3300 celeberrimus
493 3232 644 3298 Doctor
666 3227 707 3296 in
733 3224 1042 3319 Praefationibus
1067 3230 1120 3299 ad
1136 3230 1172 3299 li·

83 3326 169 3402 bros
187 3328 547 3399 Commentarionaa
572 3331 609 3398 in
630 3329 829 3398 Ieremiam
846 3326 1072 3427 Pelagianos
1094 3355 1170 3426 pet·

81 3424 249 3531 stringit,
276 3427 352 3501 line
379 3447 505 3500 tamen
531 3454 664 3501 eorum
689 3428 858 3512 nomine,
890 3452 941 3499 ne
964 3432 1168 3531 Pelagium,

81 3532 211 3606 virum
238 3555 398 3629 magnae
424 3530 680 3615 auctoritatis,
713 3529 876 3600 laederet
902 3546 1016 3624 atque
1040 3533 1094 3604 ita
1121 3528 1169 3603 ft·

80 3633 189 3707 cilius
215 3652 381 3704 mentem
409 3632 487 3702 eius
518 3631 565 3701 ad
581 3631 775 3703 veritatem
795 3631 1095 3724 amplectendam
1112 3632 1169 3702 ad·

80 3734 244 3807 duceret.
296 3739 445 3804 Praeter
461 3758 560 3820 eum,
575 3735 846 3806 Accusamus
858 3728 976 3802 sectae
991 3734 1084 3806 huic
1097 3732 1168 3805 for·

79 3903 289 3918 ...ιιι-ιι-

108 3994 136 4059 Ἳ
155 3989 198 4043 ct
219 3990 328 4047 lerion
348 3983 422 4055 nist.
455 3987 604 4043 chismatis
623 3981 870 4051 Donatistarum,
891 4003 967 4059 qnae
984 3984 1025 4040 eil
1041 3987 1075 4043 in
1093 3986 1168 4043 Eiet·

145 4061 213 4112 dem
239 4058 365 4126 Iieptad.
387 4057 429 4112 ΠΙ
453 4059 656 4118 ertatiomtm,
680 4055 835 4111 subiuncta
855 4055 1026 4125 Appendrci
1041 4056 1166 4129 differte·

144 4125 233 4184 tionis
251 4128 288 4182 cie
304 4124 514 4194 haeresiarchis
532 4128 600 4183 aevi
615 4124 770 4197 apostolici
784 4143 813 4198 p.
830 4130 877 4185 eet
902 4123 962 4204 iqq.
