2542 4724
378 284 412 365 C
439 308 466 361 Δ
493 310 529 363 e.
557 290 660 379 xm.
712 288 748 381 §.
775 272 862 365 128.
1104 292 1182 372 683

185 473 227 569 1)
250 474 299 549 ad
316 478 562 575 Coniugium,
590 500 611 548 a
630 500 708 573 quo
733 479 916 551 nonnulli
935 476 1036 553 inter
1052 482 1182 559 Patres

79 582 196 679 plane
220 578 334 650 alieni
356 578 531 662 fuerunt3
558 580 799 651 vehementer
831 605 873 651 ac
899 605 1182 679 nonnunquam

80 680 264 761 iniuriose
295 679 468 751 adversus
500 679 598 765 illud
627 700 866 777 pugnarunt3
899 683 1017 754 vitam
1052 703 1181 762 nutem

83 783 265 857 caelibem
291 806 332 851 ac
355 781 577 865 solitariam,
611 800 832 874 perpetuam
856 782 1113 881 uirginitatem
1136 812 1181 859 oo

84 883 362 957 continentiam
394 882 544 953 summo
576 878 697 953 studio
730 886 1054 957 commendarunt.
1108 888 1180 959 Te-

81 983 176 1059 stem
207 982 388 1054 habemus
415 988 776 1054 Tunnunmnun
801 982 913 1055 Libro
949 986 1000 1055 od
1023 1006 1179 1069 uxorein

84 1092 176 1183 Cap.
192 1090 279 1169 IIL,
305 1085 371 1179 qni
393 1085 483 1155 haec
507 1084 678 1179 reliquit:
708 1086 820 1188 Quod
837 1080 1181 1187 deniquescriptnm

83 1178 155 1285 est,
181 1187 349 1257 melius
371 1176 447 1280 eft,
475 1184 665 1271 nubere,
692 1212 831 1281 quant
858 1190 947 1257 uri:
976 1190 1085 1282 quale
1106 1178 1180 1263 boo¹

83 1288 224 1361 bonurn
242 1278 309 1382 eft,
337 1310 403 1357 oro
422 1302 477 1372 te,
504 1288 604 1382 quoti
621 1288 712 1357 inubi
734 1291 966 1383 comparatio
994 1313 1180 1363 eontinen-

84 1388 185 1461 dat?
216 1403 258 1457 ut
275 1390 357 1458 ideo
374 1389 501 1458 melius
506 1379 560 1484 fit
575 1387 726 1475 nubere,
762 1393 850 1484 quio
869 1390 1026 1461 deterius
1044 1383 1093 1486 est
1109 1396 1189 1465 ιινί.Ι

83 1495 142 1565 At
174 1493 270 1583 enirn
296 1504 436 1583 quanto
467 1491 595 1561 meiius
627 1482 696 1585 est,
731 1516 848 1587 neque
875 1488 1028 1577 nubere,
1062 1517 1179 1587 neque

83 1586 173 1665 uri?
202 1593 333 1661 Etiam
356 1595 392 1660 in
414 1585 756 1691 Perseqnutiouibns
780 1594 910 1663 melius
932 1582 1003 1685 esi,
1031 1617 1077 1663 ex
1094 1620 1180 1689 per·

84 1686 193 1795 miffu
207 1692 350 1792 jugero
368 1693 412 1762 de
429 1694 590 1790 oppido,
618 1720 733 1788 quoni
749 1687 1047 1794 comprehensum
1066 1709 1102 1764 et
1124 1696 1180 1765 di·

73 1784 243 1892 storturn
272 1819 431 1892 negare:
472 1808 585 1888 utque
617 1788 682 1890 isto
715 1793 915 1878 beatiores,
958 1798 1020 1889 qui
1051 1796 1183 1867 valent

86 1894 202 1969 bento
231 1887 425 1993 testimonii
456 1870 678 1991 conseffiwfe
703 1920 778 1965 nou
804 1897 978 1969 excidere.
1031 1889 1182 1997 Poffitm,

86 2000 225 2084 dicere,
270 1997 369 2092 qztoei
397 2000 645 2093 permittitur,
687 1995 825 2067 bonum
852 1986 1013 2091 nonest.
1079 1998 1182 2100 Quid

87 2094 216 2173 enirn?
240 2088 388 2197 Neceffe
409 2090 569 2196 ‹firnori
585 2096 686 2170 mibi.
738 2101 779 2169 Si
800 2098 929 2193 ploro,
958 2096 1096 2169 bonurn
1119 2090 1182 2192 efti

89 2202 205 2305 {iunci
241 2204 388 2271 ttirneo
415 2203 515 2295 quod
570 2202 788 2285 emittitur,
823 2189 1037 2299 suspectant
1067 2198 1182 2271 babet

85 2307 205 2401 penui
233 2305 325 2373 ionis
365 2328 434 2373 uae
458 2228 630 2403 caustum.
685 2300 797 2399 Quod
821 2316 947 2371 autern
970 2292 1180 2397 natusest,

87 2407 330 2498 neruo-perun
347 2416 387 2485 tt,
415 2419 457 2475 ut
471 2402 722 2475 indubitatum
740 2416 776 2473 et
790 2394 857 2499 suo
865 2393 1080 2499 finceritnte
1096 2428 1182 2473 rna·

88 2506 169 2603 nise
184 2519 276 2577 turn.
328 2504 417 2577 Non
435 2521 635 2602 propterea
659 2497 968 2603 oppetendnjunt
982 2504 1184 2597 quaedum,

89 2611 179 2703 quin
196 2632 270 2677 non
285 2622 482 2678 vetentur:
500 2598 564 2703 etfi
573 2606 852 2703 quodammodo
867 2618 1054 2688 vetantur,
1068 2630 1185 2699 quum

89 2710 170 2781 alin
203 2708 273 2779 iilis
304 2700 580 2803 praeferuntur.
654 2708 845 2778 Praelatio
878 2710 974 2777 enirn
996 2696 1185 2803 superior,

89 2800 258 2911 diffunfio
283 2800 333 2905 est
357 2806 581 2909 irfimorurn.
633 2808 725 2880 Non
750 2810 830 2879 ideo
857 2806 945 2903 quid
965 2804 1101 2877 bonurn
1120 2798 1186 2903 eft,

90 2936 160 2983 nec
184 2912 265 2981 ideo
289 2912 431 2981 nautum
455 2936 530 2982 non
554 2900 623 3005 est,
662 2913 849 3006 quianon
875 2900 984 3003 obest.
1038 2909 1184 2985 Similia

92 3014 142 3111 do
157 3010 431 3083 Exhortatione
443 3002 622 3111 castitatis
640 3019 726 3106 Cap.
737 3018 800 3081 111.
820 3010 1054 3103 pronuntiat.
1081 3006 1186 3083 Post-

91 3138 210 3211 quam
239 3115 361 3187 Paulli
391 3114 502 3187 verba
535 3113 760 3185 adduxerat:
799 3110 937 3182 Melius
961 3102 1010 3208 est
1036 3109 1185 3199 nubere,

90 3206 209 3313 quoin
234 3218 312 3299 uri,
339 3214 461 3287 addit:
479 3218 599 3385 fuae
626 3240 703 3285 von
729 3214 812 3283 licet
836 3212 887 3281 od
909 3236 970 3283 eos
984 3214 1184 3307 pertinent,

91 3320 158 3412 qui
183 3318 323 3411 inupti,
361 3318 420 3386 vel
441 3321 477 3387 ui
505 3320 542 3386 ui
566 3344 591 3389 a
606 3312 692 3417 side
717 3312 1059 3410 deprehendunturs
1096 3318 1186 3409 quia

91 3432 221 3489 tomen
237 3442 362 3487 ornnes
386 3442 470 3487 eom
494 3418 546 3487 neb
569 3416 728 3489 nubendi
747 3417 933 3485 licentium
953 3416 1185 3510 orrtpbectun-

90 3532 167 3602 tur,
191 3518 301 3588 veiim
318 3533 561 3615 pertractare,
588 3518 697 3615 quale
713 3516 849 3587 bonurn
868 3506 1058 3608 ostendat,
1085 3510 1187 3609 quod

88 3622 221 3693 meiius
240 3610 423 3716 estpoeno
431 3646 448 3698 ,·
474 3620 573 3715 quod
589 3643 661 3691 non
678 3607 800 3713 potest
813 3618 929 3688 videri
946 3615 1094 3703 bonurn,
1120 3608 1187 3717 rofi

89 3710 243 3819 peffinto
260 3734 520 3817 comparatum
529 3746 545 3799 ,·
567 3721 704 3790 ntideo
723 3718 859 3789 bonurn
869 3712 919 3814 fit
935 3718 1078 3803 raubero,
1097 3706 1200 3811 quici'

93 3824 251 3895 deterius
269 3814 315 3919 (fi
332 3826 473 3893 ardere.
524 3826 673 3892 Bonum
690 3824 744 3891 ita
762 3807 830 3913 est,
847 3814 885 3919 si
900 3814 1101 3921 perseveret
1118 3810 1188 3893 rao-⁰

91 3949 179 3997 rnen
197 3920 362 3993 obtinent
379 3914 454 4015 fine
470 3924 769 4019 comparatione,
797 3946 871 3993 non
889 3922 970 3992 dico
988 3922 1098 4005 arioli,
1124 3914 1188 4005 fed

92 4026 210 4097 etium
234 4022 320 4095 boni
343 4026 519 4104 alterium
545 4039 646 4096 utet
685 4045 698 4089 t
722 4020 818 4093 bono
842 4022 907 4093 nlii
931 4038 1186 4118 comparatur,

94 4126 233 4199 etalio
260 4125 527 4214 cnbcrnbrotur,
562 4126 798 4199 nibilominus
819 4139 1012 4199 remanent
1039 4127 1076 4195 in
1099 4122 1186 4201 boni
