2542 4724
114 279 192 360 264
339 280 342 285 ’
452 277 891 387 Cne.IV.§.44.’

119 469 169 544 lia
190 465 363 544 adducti.
418 464 483 543 Fit
505 466 586 540 hoc
602 463 837 568 praesertim
859 463 1022 565 quando
1047 465 1150 543 liber
1171 471 1222 544 ti·

119 571 356 667 tulocaret,
385 569 456 644 vel
480 592 530 641 ex
551 567 803 666 ignorantia,
838 581 906 641 aut
959 593 1055 642 rava
1080 571 1220 645 conie-

122 687 254 761 ctura,
282 670 350 743 vel
368 696 418 745 ex
434 667 587 756 studio,
615 668 893 742 auctoritatem
915 595 1133 744 ldutentiae
1154 698 1220 747 re·

39 776 44 785 '
121 786 207 847 ctae
240 768 433 847 consensu
467 769 743 866 antiquiorum
771 771 1001 843 Doctorum
1041 772 1222 870 augendi

120 868 490 970 confirmandique,
523 871 592 943 vel
620 895 669 942 ex
688 870 848 958 anim0,
883 871 1053 946 honoris
1084 898 1128 945 ac
1158 869 1230 959 fa-¹

26 1032 31 1059 ,
119 997 210 1048 mae
226 973 337 1048 haud
353 970 524 1075 cupido,
551 971 619 1046 vel
634 995 684 1059 ex
697 969 866 1060 invidia,
896 996 1017 1070 quam
1036 975 1126 1072 quis
1136 973 1220 1048 'libi

64 1112 66 1117 ·
121 1075 278 1149 metult.
891 1112 895 1122 ·

198 1200 310 1283 Plura
324 1206 394 1279 hac
411 1200 457 1278 de
472 1230 513 1276 re
527 1201 713 1276 habentur
732 1203 833 1303 apu'd
849 1203 988 1277 Annn.
1007 1208 1218 1278 Rrvanum

129 1307 256 1381 Tract.
284 1309 329 1378 de
347 1311 506 1381 Patrum
531 1309 755 1379 anctoritate
777 1313 865 1402 Cap.
882 1312 983 1377 XIII.
1008 1307 1049 1376 in
1066 1312 1218 1379 E1usn.

125 1409 226 1504 opp.
243 1407 353 1482 tlreol.
365 1413 411 1492 Π,
429 1405 558 1494 1064.;
585 1431 643 1503 ap.
653 1412 712 1479 Io.
729 1413 858 1480 Lana.
876 1413 1089 1480 Moenum
1106 1413 1157 1479 D.
1175 1409 1223 1479 de

125 1501 255 1680 cauffw
268 1500 548 1612 supposttorum
567 1507 692 1579 libror.
716 1510 811 1580 inter
830 1500 1055 1604 Christianos
1076 1510 1226 1580 Saea]

71 1639 74 1651 ·
124 1623 162 1680 et
205 1615 257 1697 1.,
293 1606 575 1687 Hetmst.17t5.
604 1606 642 1682 ll.
674 1626 712 1682 et
734 1610 775 1697 in
798 1615 944 1683 Emsn.
969 1612 1025 1679 Di
1053 1624 1137 1683 ertt.
1167 1611 1222 1680 nd

124 1714 177 1782 H.
194 1717 239 1782 E.
249 1705 435 1810 spectant.
453 1717 500 1794 II,
520 1711 607 1782 222.
618 1736 630 1795 3
666 1714 694 1781 Ι.
718 1717 759 1784 F.
777 1717 920 1783 Com
940 1708 1018 1781 Ver
1035 1710 1103 1781 uclt
1122 1715 1222 1783 einer

18 1893 24 1899 .
125 1813 312 1909 nuajiilrrl.
326 1803 565 1908 Kircltenlaeist.
585 1812 648 1882 des
662 1815 712 1882 N.
728 1817 770 1882 T.
787 1815 822 1901 §.
835 1809 1048 1885 Ios-409.
1078 1814 1219 1910 Digna,

97 1918 99 1923 ’
124 1938 222 2010 quae
242 1913 306 1984 hic
328 1913 452 1985 sedem
476 1930 654 2008 occupet,
695 1907 745 1984 est
767 1911 1037 1985 animadversio
1064 1919 1221 1986 Senon·

125 2037 332 2086 nunaunt
349 2015 391 2085 in
412 2011 507 2085 Bibl.
533 2005 612 2111 hist.
639 2015 692 2084 lit.
708 2017 784 2086 PP.
804 2015 908 2086 latin.
927 2019 982 2099 11,
1000 2014 1085 2088 618.
1113 2014 1222 2088 itale

20 2123 53 2177 2*
122 2114 286 2189 habens:
320 2116 543 2202 „Homiliae
567 2133 605 2188 et
630 2114 823 2186 Sermones
850 2120 909 2189 SS.
935 2120 1087 2189 Patrum
1115 2142 1220 2189 com·

123 2217 235 2295 muni
258 2214 337 2291 fere
353 2217 424 2289 hac
445 2234 608 2289 utuntur
629 2216 748 2300 sorte,
782 2216 828 2288 ut
851 2216 1143 2290 deductoribus
1162 2244 1223 2290 ea·

123 2320 300 2391 rum'aut
317 2320 430 2414 plane
450 2320 577 2403 nulla,
611 2334 678 2390 aut
695 2316 850 2390 obscura
869 2318 999 2389 saltem
1017 2337 1054 2389 et
1077 2318 1221 2391 incerta

123 2415 226 2493 fama
244 2421 292 2491 ad
308 2444 381 2491 nos
402 2420 523 2491 delata
541 2416 606 2508 lit,
645 2420 924 2513 doctorumque
942 2420 1146 2492 hominum
1164 2423 1221 2492 iu·

125 2519 221 2592 dicia
245 2521 359 2592 divisa
378 2521 585 2607 identidem
602 2519 745 2592 fuerint
769 2538 881 2616 atque
904 2522 1003 2592 inter
1028 2521 1065 2593 le
1083 2523 1241 2594 disere«

122 2620 266 2792 fantia.
327 2621 442 2693 Cuius
468 2621 522 2691 rei
546 2622 652 2693 caula
676 2622 839 2695 maxime
859 2623 954 2723 ¹haec
978 2619 1072 2707 fuit,
1114 2625 1221 2719 quod

140 2747 260 2794 tarum
277 2722 573 2793 meditationum
588 2748 669 2794 non
699 2748 739 2793 ea
767 2748 854 2799 cura
880 2723 925 2793 ab
942 2722 1026 2820 ipsu
1045 2727 1221 2797 Auctori-
1249 2752 1257 2773 =

124 2820 197 2895 bus
222 2820 268 2895 fit
290 2822 438 2910 habita,
481 2847 553 2919 qua
573 2824 701 2901 ceteris
719 2823 794 2896 suis
813 2825 918 2896 libris
937 2825 1217 2924 perspexerunt,

124 2947 224 3018 quos
242 2941 383 2997 etcum
401 2924 621 3002 amicis¹suis
639 2924 925 2997 communicalle
947 2944 984 2996 et
1001 2924 1219 3022 frequenter

125 3023 387 3098 describendos
405 3023 557 3111 dedite,
591 3024 795 3101 emcndallc
819 3029 932 3111 item,
961 3044 1071 3122 atque
1094 3029 1217 3114 etiam,

122 3121 308 3222 fialiquis
333 3124 514 3199 numerus
538 3125 641 3213 ell‘et,
677 3129 718 3197 in
744 3153 865 3199 unum
893 3127 1082 3226 collegille
1108 3129 1217 3203 novi·

123 3250 224 3303 mus.
269 3230 321 3299 At
339 3233 556 3314 Sermones,
582 3253 680 3325 quos
699 3254 744 3300 ex
760 3246 931 3326 tempore
946 3228 1024 3302 fere
1044 3231 1218 3304 meditari

19 3376 22 3384 ι
123 3326 313 3414 solebant,
353 3328 505 3401 nonnifi
536 3332 581 3402 ab
607 3331 847 3402 audientibus
872 3333 1157 3427 excipiebantur
1183 3348 1217 3407 et

122 3428 191 3500 vix
212 3452 380 3523 unquam
395 3431 461 3502 sub
478 3432 614 3504 oculos
631 3428 844 3504 Auctorum
862 3431 1017 3505 luorum
1034 3434 1216 3506 redibant.

123 3534 183 3603 Ex
209 3531 397 3602 eiusmodi
425 3548 552 3604 autem
579 3531 889 3619 CommentariiS,
927 3533 969 3604 in
993 3558 1093 3628 quos
1117 3534 1218 3607 forte

121 3653 205 3704 non
223 3632 335 3703 unius
354 3634 535 3705 Doctoris
560 3652 739 3718 tractatus
766 3635 1014 3732 colligebant,
1044 3636 1219 3708 conficie-

122 3730 261 3803 bantur
286 3733 420 3804 deinde
442 3739 637 3806 Brevinrin
668 3735 694 3806 l.
722 3739 960 3806 Lectionnrin
986 3736 1219 3810 diversarum

122 3831 389 3920 Metellarum,
426 3836 572 3908 delectu
582 3858 598 3920 ,·
626 3854 743 3931 prout
758 3838 921 3908 maxime
936 3838 1151 3911 conducere
1166 3839 1220 3910 vi·

126 3934 320 4020 darentur,
362 3938 424 4008 vel
453 3936 658 4009 secundant
693 3937 854 4035 singulas
887 3938 1120 4026 dominicas,
1160 3942 1220 4013 vel

125 4033 203 4106 dies
227 4033 340 4107 fel't'os
368 4037 528 4108 mobiles
553 4043 796 4123 Sanctorum,
834 4039 977 4109 habito.
1042 4047 1220 4137 Quorum

123 4155 167 4205 ut
184 4137 255 4209 alia
272 4140 354 4208 aliis
374 4157 479 4210 erant
493 4140 762 4237 locupletiora,
796 4137 863 4224 fic.
901 4161 944 4212 ut
963 4142 1107 4214 occalio
1127 4143 1220 4214 fore·
