2542 4724
395 214 796 367 cranam
1067 270 1153 348 an

42 455 125 553 rsa,
156 482 236 537 ont
252 485 285 537 o.
301 459 615 559 interpretatione
632 461 767 563 gallica
782 452 1142 545 horum'libtorum,

43 589 160 662 quam
174 564 283 637 Elias
300 561 522 635 Bonherean
539 563 657 652 dedit,
681 566 893 637 consuleret
908 563 1144 659 iisque'tam·

45 691 158 765 quam
174 664 404 739 adiumentis
420 680 598 738 uteretur.
636 665 803 738 Subiecit
816 667 1026 750 nonnulla,
1045 689 1143 761 quae

46 767 93 842 ad
111 766 287 869 origenis
309 767 448 852 vitam,
485 766 715 853 doctrinam,
745 766 926 852 virtutes,
959 766 1144 851 honores,

46 866 202 955 metito,
235 868 385 941 adversa
409 866 489 941 fata
511 869 713 965 pertinent.
763 875 809 940 In
827 868 1144 941 annotationibus

48 966 248 1043 studiosus
262 992 343 1042 non
362 986 441 1041 tam
460 968 508 1041 ad
530 969 713 1043 lectiones
730 971 917 1043 variantes
936 969 1144 1042 diiudican-

51 1071 133 1158 dus,
152 1092 270 1167 quam
286 1070 334 1143 ad
351 1068 775 1147 sententiamdiotorum
783 1069 1039 1144 illustrandam
1054 1095 1146 1143 con·

51 1173 157 1259 tulit,
189 1191 303 1271 atque
323 1172 512 1258 animum,
539 1173 708 1246 veritatis
730 1172 933 1270 cupidum,
959 1172 1143 1269 prodidit.

52 1274 213 1361 Iudicat,
245 1273 314 1345 ubi
338 1273 516 1370 Origenes
533 1299 617 1371 non
633 1274 736 1347 bona
752 1292 880 1348 mente
905 1300 993 1346 oum
1016 1274 1148 1365 adver-

55 1374 146 1450 tario
165 1375 482 1475 ogit-suppletque
498 1400 541 1447 ao
557 1374 744 1465 emendat,
770 1375 924 1474 quando
942 1376 1007 1459 ille
1023 1375 1072 1447 ad
1090 1401 1144 1461 ea,

59 1502 147 1573 quse
164 1477 311 1551 obiecta
328 1476 417 1549 sunt
427 1530 438 1564 ,
464 1478 526 1551 vel
539 1478 653 1576 plane
667 1496 772 1566 non,
796 1479 859 1552 vel
875 1500 958 1551 non
976 1468 1147 1565 naturate

61 1578 265 1677 respondet.
281 1578 319 1671 *)
1075 1586 1079 1593 '

152 1710 328 1781 Eusunn
346 1724 384 1779 et
400 1709 558 1781 Rurtm
575 1732 620 1783 ao
638 1711 889 1806 Tripartitnm
904 1694 1095 1804 historiam
1113 1732 1146 1779 o.

68 1806 346 1883 continuatione
361 1833 482 1905 usque
498 1810 546 1881 ad
562 1835 594 1882 a.
611 1811 697 1882 Chr.
715 1808 825 1887 1545.
842 1811 1055 1907 germanice
1071 1806 1163 1881 edi·
1218 1809 1225 1818 '

70 1904 669 2009 ditCosp.Hedio,Argent.1545.
686 1908 757 1985 fol.
777 1950 821 1969 -ν
844 1906 1039 2014 Eusebii
1063 1913 1150 1981 Kir-

73 2006 413 2101 then·Gechiehte,
453 2039 488 2084 n.
508 2014 543 2084 d.
563 2011 707 2084 Griech.
732 2006 845 2113 iibers.
871 2042 907 2085 u.
925 2041 975 2085 m.
1003 2016 1150 2111 einigen
1241 2008 1244 2012 ⁴

75 2112 197 2185 Amner
244 2126 261 2184 .'
278 2114 457 2184 erliiutert
479 2135 515 2205 o.
539 2119 582 2185 F.
605 2115 726 2186 Andr.
751 2114 905 2201 Stroth,
947 2115 1150 2210 Quodiinb.

80 2210 286 2291 imno.
338 2214 476 2309 (tuh.
504 2214 639 2309 soe).

158 2344 389 2413 Eenaanmt
407 2344 498 2440 Syri
509 2345 715 2429 Sermones,
735 2366 913 2440 ,quorum
927 2341 1151 2461 interpreta-

84 2433 205 2515 tionem
220 2441 474 2545 germanicam
493 2441 578 2541 Gfr.
596 2444 790 2516 Amoldus
806 2441 1022 2540 composuit
1040 2461 1153 2539 atque

87 2534 235 2617 addam
251 2542 449 2641 publicum
468 2546 681 2635 transtulit,
708 2548 784 2619 hoo
799 2546 934 2619 titulo:
967 2548 1046 2617 Des
1066 2545 1152 2618 heii.

87 2632 223 2735 Ephrem
240 2646 310 2716 ons
325 2648 459 2744 Syrien
477 2650 690 2735 Semnones,
704 2673 780 2720 von
798 2648 864 2719 der
880 2640 1153 2749 Gottseh'ghet't,

89 2760 144 2811 oon
156 2744 217 2819 der
232 2745 493 2846 Enthnitnng,
527 2770 602 2819 oon
625 2751 690 2821 der
712 2744 949 2851 Keufchheit,
981 2774 1055 2821 oon
1083 2752 1159 2825 Ue·

90 2829 145 2913 hor
189 2848 257 2921 der
283 2842 541 2949 Gottseh'gheit
551 2905 561 2938 ,
598 2852 665 2948 qui
690 2850 902 2938 sermones,
946 2852 1159 2949 germanice

88 2870 210 3037 reddi,
241 2946 465 3021 accederunt
483 2942 901 3048 adMachn11soripta,
926 2950 1059 3025 itidem
1076 2978 1161 3052 ger-=

86 3049 209 3125 maniae
223 3050 344 3137 edita,
373 3054 648 3126 Goslar.1702.
676 3054 711 3129 8.

164 3182 358 3250 orsurus
377 3202 419 3247 n.
431 3184 501 3249 Gn.
512 3180 623 3251 Predi
653 3193 714 3253 ten
731 3173 943 3280 ustimmtl.
954 3179 1157 3277 Schriften,

81 3264 167 3351 a·'d.
187 3276 333 3353 Griech.
362 3273 476 3378 iihers.
501 3304 535 3351 υ.
562 3204 665 3355 Joh.
691 3302 729 3353 v.
761 3286 814 3353 W
819 3281 999 3368 endler,
1027 3286 1161 3356 Vienn.

79 3358 294 3455 ¹776—78.
313 3385 375 3450 vt.
394 3380 428 3453 8.
458 3375 498 3473 (5
512 3379 580 3452 Th.
605 3381 722 3483 Sgr.).
774 3388 974 3455 Etusnnm
993 3387 1095 3457 Rede
1110 3412 1162 3457 an

75 3458 109 3533 ἆ·
148 3480 351 3583 Jinglinge
385 3478 472 3553 iiber
504 3482 539 3555 d.
572 3485 648 3557 Art
670 3512 707 3556 u.
737 3476 872 3585 Weise,
915 3485 951 3555 d.
978 3488 1101 3558 Sehrr.
1126 3486 1164 3563 d.

72 3560 247 3653 ‘intonen
267 3608 313 3652 zu
331 3579 519 3656 benutzen.
555 3590 622 3656 Ins
635 3578 820 3758 Deutddoe
837 3579 951 3685 iibers.
968 3614 1003 3658 v.
1024 3595 1065 3661 1³.
1087 3592 1163 3660 Ge.

74 3654 358 3769 themann,
384 3684 642 3759 m.Anmerhh.
653 3690 734 3761 uc
758 3714 789 3759 r.
801 3688 998 3786 F-Illgem
1023 3692 1166 3763 inlun-

69 3848 280 3891 Ν...-

106 3984 143 4057 “)
155 3997 224 4053 aea
238 3996 362 4055 tmen.
379 4017 406 4055 ι.
423 4006 498 4059 ms.
515 4020 544 4074 p.
561 4007 622 4063 526.
656 4002 809 4075 venisent
825 4006 901 4061 Acta
916 4005 1040 4060 uram.
1055 4005 1168 4087 xvug,

114 4057 121 4071 ‘
151 4070 200 4123 131.
235 4066 376 4121 Biblioth.
393 4062 550 4141 rnisonne'e
565 4068 692 4141 XXXV,
706 4076 768 4133 395.
802 4074 931 4129 Nachtr.
949 4094 974 4128 υ.
991 4092 1092 4129 neuen
1107 4073 1168 4129 Bu-

150 4132 232 4191 thern
246 4134 300 4203 tv,
314 4142 389 4226 6613
