<?xml version="1.0" encoding="UTF-8"?>
<!DOCTYPE html PUBLIC "-//W3C//DTD XHTML 1.0 Transitional//EN"
    "http://www.w3.org/TR/xhtml1/DTD/xhtml1-transitional.dtd">
<html xmlns="http://www.w3.org/1999/xhtml" xml:lang="en" lang="en">
 <head>
  <title>
</title>
<meta http-equiv="Content-Type" content="text/html;charset=utf-8" />
  <meta name='ocr-system' content='tesseract 3.04.00' />
  <meta name='ocr-capabilities' content='ocr_page ocr_carea ocr_par ocr_line ocrx_word'/>
</head>
<body>
  <div class='ocr_page' id='page_1' title='image "./iogeorgiiwalchi05walcgoog/iogeorgiiwalchi05walcgoog_0714.png"; bbox 0 0 2542 4724; ppageno 0'>
   <div class='ocr_carea' id='block_1_1' title="bbox 27 221 925 385">
    <p class='ocr_par' dir='ltr' id='par_1_1' title="bbox 27 221 925 385">
     <span class='ocr_line' id='line_1_1' title="bbox 27 221 925 385; baseline 0 -37"><span class='ocrx_word' id='word_1_1' title='bbox 27 221 35 235; x_wconf 74' lang='grc'>’</span> <span class='ocrx_word' id='word_1_2' title='bbox 129 278 210 379; x_wconf 79' lang='lat'><strong>7⁰6</strong></span> <span class='ocrx_word' id='word_1_3' title='bbox 394 266 925 385; x_wconf 5' lang='lat' dir='ltr'><strong>potaremur.</strong></span> 
     </span>
    </p>
   </div>
   <div class='ocr_carea' id='block_1_2' title="bbox 24 446 1267 4003">
    <p class='ocr_par' dir='ltr' id='par_1_2' title="bbox 24 446 1267 4003">
     <span class='ocr_line' id='line_1_2' title="bbox 24 446 1231 566; baseline -0.002 -28"><span class='ocrx_word' id='word_1_4' title='bbox 24 460 27 467; x_wconf 81' lang='grc'><strong>’</strong></span> <span class='ocrx_word' id='word_1_5' title='bbox 134 460 233 566; x_wconf 80' lang='lat' dir='ltr'><strong>testis</strong></span> <span class='ocrx_word' id='word_1_6' title='bbox 256 470 291 559; x_wconf 60' lang='grc' dir='ltr'><strong>ᾗ.</strong></span> <span class='ocrx_word' id='word_1_7' title='bbox 308 461 371 539; x_wconf 76' lang='lat'><strong>26.</strong></span> <span class='ocrx_word' id='word_1_8' title='bbox 422 446 650 535; x_wconf 79' lang='lat' dir='ltr'><strong>Ad&#39;errores</strong></span> <span class='ocrx_word' id='word_1_9' title='bbox 676 449 864 553; x_wconf 74' lang='lat' dir='ltr'><strong>historicos</strong></span> <span class='ocrx_word' id='word_1_10' title='bbox 886 454 1107 555; x_wconf 80' lang='lat' dir='ltr'><strong>pertinent,</strong></span> <span class='ocrx_word' id='word_1_11' title='bbox 1140 482 1231 559; x_wconf 83' lang='lat' dir='ltr'><strong>quae</strong></span> 
     </span>
     <span class='ocr_line' id='line_1_3' title="bbox 109 558 1232 663; baseline -0.007 -20"><span class='ocrx_word' id='word_1_12' title='bbox 109 570 237 645; x_wconf 72' lang='lat' dir='ltr'><strong>Libe.</strong></span> <span class='ocrx_word' id='word_1_13' title='bbox 269 573 335 639; x_wconf 86' lang='lat'><strong>111.</strong></span> <span class='ocrx_word' id='word_1_14' title='bbox 368 570 457 658; x_wconf 86' lang='lat' dir='ltr'><strong>Cap.</strong></span> <span class='ocrx_word' id='word_1_15' title='bbox 479 560 541 636; x_wconf 78' lang='lat'><strong>25.</strong></span> <span class='ocrx_word' id='word_1_16' title='bbox 576 588 614 659; x_wconf 90' lang='lat' dir='ltr'><strong>p.</strong></span> <span class='ocrx_word' id='word_1_17' title='bbox 640 560 728 636; x_wconf 75' lang='lat'><strong>254.</strong></span> <span class='ocrx_word' id='word_1_18' title='bbox 759 558 874 632; x_wconf 79' lang='lat' dir='ltr'>refert</span> <span class='ocrx_word' id='word_1_19' title='bbox 904 560 951 632; x_wconf 91' lang='lat' dir='ltr'><strong>de</strong></span> <span class='ocrx_word' id='word_1_20' title='bbox 984 564 1232 663; x_wconf 71' lang='lat' dir='ltr'><strong>Septuaginta</strong></span> 
     </span>
     <span class='ocr_line' id='line_1_4' title="bbox 133 660 1232 766; baseline -0.007 -21"><span class='ocrx_word' id='word_1_21' title='bbox 133 666 621 766; x_wconf 80' lang='lat' dir='ltr'><strong>Interpretibusetcellulis,&#39;</strong></span> <span class='ocrx_word' id='word_1_22' title='bbox 632 663 768 760; x_wconf 84' lang='lat' dir='ltr'><strong>quibus</strong></span> <span class='ocrx_word' id='word_1_23' title='bbox 779 660 1080 735; x_wconf 80' lang='lat' dir='ltr'><strong>fuerintinclusi.</strong></span> <span class='ocrx_word' id='word_1_24' title='bbox 1122 664 1232 761; x_wconf 83' lang='lat' dir='ltr'><strong>Quod</strong></span> 
     </span>
     <span class='ocr_line' id='line_1_5' title="bbox 137 764 1231 861; baseline -0.005 -18"><span class='ocrx_word' id='word_1_25' title='bbox 137 789 265 843; x_wconf 85' lang='lat' dir='ltr'><strong>autem</strong></span> <span class='ocrx_word' id='word_1_26' title='bbox 282 769 373 839; x_wconf 87' lang='lat' dir='ltr'><strong>ibid.</strong></span> <span class='ocrx_word' id='word_1_27' title='bbox 395 793 431 861; x_wconf 89' lang='lat' dir='ltr'><strong>p.</strong></span> <span class='ocrx_word' id='word_1_28' title='bbox 451 764 537 839; x_wconf 77' lang='lat'><strong>256.</strong></span> <span class='ocrx_word' id='word_1_29' title='bbox 557 768 603 835; x_wconf 91' lang='lat' dir='ltr'><strong>de</strong></span> <span class='ocrx_word' id='word_1_30' title='bbox 624 765 875 859; x_wconf 81' lang='lat' dir='ltr'><strong>Scriptoribus</strong></span> <span class='ocrx_word' id='word_1_31' title='bbox 892 770 938 834; x_wconf 88' lang='lat' dir='ltr'><strong>N.</strong></span> <span class='ocrx_word' id='word_1_32' title='bbox 956 770 1002 835; x_wconf 89' lang='grc' dir='ltr'><strong>Τ.</strong></span> <span class='ocrx_word' id='word_1_33' title='bbox 1022 765 1231 851; x_wconf 81' lang='lat' dir='ltr'><strong>contendit,</strong></span> 
     </span>
     <span class='ocr_line' id='line_1_6' title="bbox 138 864 1232 963; baseline -0.005 -19"><span class='ocrx_word' id='word_1_34' title='bbox 138 898 204 944; x_wconf 84' lang='lat' dir='ltr'><strong>eos</strong></span> <span class='ocrx_word' id='word_1_35' title='bbox 220 872 367 945; x_wconf 88' lang='lat' dir='ltr'><strong>oracula</strong></span> <span class='ocrx_word' id='word_1_36' title='bbox 378 867 596 963; x_wconf 89' lang='lat' dir='ltr'><strong>prophetica</strong></span> <span class='ocrx_word' id='word_1_37' title='bbox 607 866 809 937; x_wconf 86' lang='lat' dir='ltr'><strong>secundnm</strong></span> <span class='ocrx_word' id='word_1_38' title='bbox 828 867 966 937; x_wconf 88' lang='lat' dir='ltr'><strong>horum</strong></span> <span class='ocrx_word' id='word_1_39' title='bbox 981 864 1232 963; x_wconf 81' lang='lat' dir='ltr'><strong>interpretum</strong></span> 
     </span>
     <span class='ocr_line' id='line_1_7' title="bbox 137 964 1232 1066; baseline -0.005 -21"><span class='ocrx_word' id='word_1_40' title='bbox 137 972 345 1045; x_wconf 78' lang='lat' dir='ltr'><strong>versionem</strong></span> <span class='ocrx_word' id='word_1_41' title='bbox 370 993 537 1066; x_wconf 75' lang='lat' dir='ltr'><strong>graecam</strong></span> <span class='ocrx_word' id='word_1_42' title='bbox 567 964 746 1051; x_wconf 86' lang='lat' dir='ltr'><strong>recitasse,</strong></span> <span class='ocrx_word' id='word_1_43' title='bbox 773 964 866 1061; x_wconf 86' lang='lat' dir='ltr'><strong>dum</strong></span> <span class='ocrx_word' id='word_1_44' title='bbox 890 966 1001 1037; x_wconf 86' lang='lat' dir='ltr'><strong>dicit:</strong></span> <span class='ocrx_word' id='word_1_45' title='bbox 1036 970 1177 1039; x_wconf 85' lang='lat' dir='ltr'><strong>Petrus</strong></span> <span class='ocrx_word' id='word_1_46' title='bbox 1200 980 1232 1039; x_wconf 84' lang='lat' dir='ltr'><strong>et</strong></span> 
     </span>
     <span class='ocr_line' id='line_1_8' title="bbox 137 1066 1267 1165; baseline -0.006 -19"><span class='ocrx_word' id='word_1_47' title='bbox 137 1076 300 1146; x_wconf 81' lang='lat' dir='ltr'><strong>loannes</strong></span> <span class='ocrx_word' id='word_1_48' title='bbox 326 1085 361 1141; x_wconf 90' lang='lat' dir='ltr'><strong>et</strong></span> <span class='ocrx_word' id='word_1_49' title='bbox 380 1069 600 1139; x_wconf 82' lang='lat' dir='ltr'><em>Matthaeus</em></span> <span class='ocrx_word' id='word_1_50' title='bbox 626 1083 663 1140; x_wconf 85' lang='lat' dir='ltr'><strong>et</strong></span> <span class='ocrx_word' id='word_1_51' title='bbox 678 1069 832 1139; x_wconf 80' lang='lat' dir='ltr'><em>Paullus</em></span> <span class='ocrx_word' id='word_1_52' title='bbox 858 1082 895 1139; x_wconf 85' lang='lat' dir='ltr'><strong>et</strong></span> <span class='ocrx_word' id='word_1_53' title='bbox 912 1066 1045 1162; x_wconf 83' lang='lat' dir='ltr'><strong>reliqui</strong></span> <span class='ocrx_word' id='word_1_54' title='bbox 1066 1071 1231 1165; x_wconf 80' lang='lat' dir='ltr'><strong>deinceps</strong></span> <span class='ocrx_word' id='word_1_55' title='bbox 1265 1124 1267 1129; x_wconf 87' lang='lat'><strong>.</strong></span> 
     </span>
     <span class='ocr_line' id='line_1_9' title="bbox 138 1165 1232 1273; baseline -0.006 -25"><span class='ocrx_word' id='word_1_56' title='bbox 138 1190 178 1248; x_wconf 89' lang='lat' dir='ltr'><strong>et</strong></span> <span class='ocrx_word' id='word_1_57' title='bbox 202 1172 335 1245; x_wconf 83' lang='lat' dir='ltr'><strong>horum</strong></span> <span class='ocrx_word' id='word_1_58' title='bbox 347 1165 554 1273; x_wconf 73' lang='lat' dir='ltr'><strong>sectatores</strong></span> <span class='ocrx_word' id='word_1_59' title='bbox 577 1170 796 1267; x_wconf 82' lang='lat' dir='ltr'><strong>prophetico</strong></span> <span class='ocrx_word' id='word_1_60' title='bbox 813 1173 940 1240; x_wconf 81' lang='lat' dir='ltr'><strong>omnio</strong></span> <span class='ocrx_word' id='word_1_61' title='bbox 957 1173 1013 1240; x_wconf 84' lang='lat' dir='ltr'><strong>ito</strong></span> <span class='ocrx_word' id='word_1_62' title='bbox 1031 1176 1232 1241; x_wconf 80' lang='lat' dir='ltr'><strong>annuntio·</strong></span> 
     </span>
     <span class='ocr_line' id='line_1_10' title="bbox 56 1264 1233 1370; baseline -0.004 -24"><span class='ocrx_word' id='word_1_63' title='bbox 56 1270 60 1279; x_wconf 56' lang='lat'><strong>¹</strong></span> <span class='ocrx_word' id='word_1_64' title='bbox 136 1289 291 1359; x_wconf 86' lang='lat' dir='ltr'><strong>uerunt,</strong></span> <span class='ocrx_word' id='word_1_65' title='bbox 318 1273 632 1368; x_wconf 77' lang='lat' dir='ltr'><strong>queriiodmodum</strong></span> <span class='ocrx_word' id='word_1_66' title='bbox 646 1264 836 1370; x_wconf 82' lang='lat' dir='ltr'><strong>seniorum</strong></span> <span class='ocrx_word' id='word_1_67' title='bbox 859 1272 1127 1366; x_wconf 76' lang='lat' dir='ltr'><strong>interpretatio</strong></span> <span class='ocrx_word' id='word_1_68' title='bbox 1153 1294 1233 1345; x_wconf 86' lang='lat' dir='ltr'><strong>con·</strong></span> 
     </span>
     <span class='ocr_line' id='line_1_11' title="bbox 138 1373 1231 1460; baseline -0.004 -13"><span class='ocrx_word' id='word_1_69' title='bbox 138 1380 249 1460; x_wconf 85' lang='lat' dir='ltr'><strong>tinet,</strong></span> <span class='ocrx_word' id='word_1_70' title='bbox 293 1376 369 1445; x_wconf 92' lang='lat' dir='ltr'><strong>hoc</strong></span> <span class='ocrx_word' id='word_1_71' title='bbox 393 1398 475 1444; x_wconf 89' lang='lat' dir='ltr'><strong>non</strong></span> <span class='ocrx_word' id='word_1_72' title='bbox 500 1374 658 1444; x_wconf 90' lang='lat' dir='ltr'><strong>omnino</strong></span> <span class='ocrx_word' id='word_1_73' title='bbox 684 1374 782 1444; x_wconf 88' lang='lat' dir='ltr'><strong>inter</strong></span> <span class='ocrx_word' id='word_1_74' title='bbox 811 1394 954 1445; x_wconf 76' lang='lat' dir='ltr'><strong>errores</strong></span> <span class='ocrx_word' id='word_1_75' title='bbox 979 1373 1231 1445; x_wconf 85' lang='lat' dir='ltr'><strong>referendum.</strong></span> 
     </span>
     <span class='ocr_line' id='line_1_12' title="bbox 135 1478 1230 1561; baseline -0.005 -11"><span class='ocrx_word' id='word_1_76' title='bbox 135 1484 297 1550; x_wconf 68' lang='lat' dir='ltr'><strong>Caesen</strong></span> <span class='ocrx_word' id='word_1_77' title='bbox 321 1480 553 1561; x_wconf 68' lang='lat' dir='ltr'><strong>Beronum,</strong></span> <span class='ocrx_word' id='word_1_78' title='bbox 577 1479 677 1547; x_wconf 82' lang='lat' dir='ltr'><strong>Ron.</strong></span> <span class='ocrx_word' id='word_1_79' title='bbox 694 1480 1019 1559; x_wconf 75' lang='lat' dir='ltr'><strong>Beuranmrnus,</strong></span> <span class='ocrx_word' id='word_1_80' title='bbox 1042 1478 1230 1547; x_wconf 71' lang='lat' dir='ltr'><strong>Batinus</strong></span> 
     </span>
     <span class='ocr_line' id='line_1_13' title="bbox 135 1572 1231 1674; baseline -0.002 -23"><span class='ocrx_word' id='word_1_81' title='bbox 135 1584 385 1651; x_wconf 67' lang='lat' dir='ltr'><strong>wimarus</strong></span> <span class='ocrx_word' id='word_1_82' title='bbox 420 1574 557 1670; x_wconf 86' lang='lat' dir='ltr'><strong>aliique</strong></span> <span class='ocrx_word' id='word_1_83' title='bbox 586 1575 700 1647; x_wconf 88' lang='lat' dir='ltr'><strong>verba</strong></span> <span class='ocrx_word' id='word_1_84' title='bbox 734 1575 845 1646; x_wconf 86' lang='lat' dir='ltr'><strong>allata</strong></span> <span class='ocrx_word' id='word_1_85' title='bbox 878 1575 1120 1674; x_wconf 82' lang='lat' dir='ltr'><strong>intelligunt,</strong></span> <span class='ocrx_word' id='word_1_86' title='bbox 1147 1572 1231 1649; x_wconf 87' lang='lat' dir='ltr'><strong>acsi</strong></span> 
     </span>
     <span class='ocr_line' id='line_1_14' title="bbox 138 1674 1229 1772; baseline 0.003 -22"><span class='ocrx_word' id='word_1_87' title='bbox 138 1676 300 1761; x_wconf 74' lang='lat' dir='ltr'><strong>dixisset,</strong></span> <span class='ocrx_word' id='word_1_88' title='bbox 339 1677 468 1748; x_wconf 85' lang='lat' dir='ltr'><strong>omnia</strong></span> <span class='ocrx_word' id='word_1_89' title='bbox 493 1674 724 1761; x_wconf 86' lang='lat' dir='ltr'><strong>testimonia,</strong></span> <span class='ocrx_word' id='word_1_90' title='bbox 757 1693 951 1772; x_wconf 85' lang='lat' dir='ltr'><strong>quotquot</strong></span> <span class='ocrx_word' id='word_1_91' title='bbox 978 1703 1026 1749; x_wconf 83' lang='lat' dir='ltr'><strong>ex</strong></span> <span class='ocrx_word' id='word_1_92' title='bbox 1051 1684 1099 1753; x_wconf 90' lang='lat' dir='ltr'><strong>V.</strong></span> <span class='ocrx_word' id='word_1_93' title='bbox 1120 1686 1166 1752; x_wconf 89' lang='grc' dir='ltr'><strong>Τ.</strong></span> <span class='ocrx_word' id='word_1_94' title='bbox 1188 1682 1229 1753; x_wconf 79' lang='lat' dir='ltr'><strong>ab</strong></span> 
     </span>
     <span class='ocr_line' id='line_1_15' title="bbox 65 1774 1230 1881; baseline 0.008 -38"><span class='ocrx_word' id='word_1_95' title='bbox 65 1824 71 1843; x_wconf 85' lang='lat'><strong>.</strong></span> <span class='ocrx_word' id='word_1_96' title='bbox 135 1774 328 1874; x_wconf 79' lang='lat' dir='ltr'><strong>Apostolis</strong></span> <span class='ocrx_word' id='word_1_97' title='bbox 368 1796 406 1849; x_wconf 85' lang='lat' dir='ltr'><strong>et</strong></span> <span class='ocrx_word' id='word_1_98' title='bbox 435 1775 682 1877; x_wconf 84' lang='lat' dir='ltr'><strong>Evangelistis</strong></span> <span class='ocrx_word' id='word_1_99' title='bbox 714 1776 975 1873; x_wconf 83' lang='lat' dir='ltr'><strong>proferantur,</strong></span> <span class='ocrx_word' id='word_1_100' title='bbox 1019 1805 1070 1852; x_wconf 84' lang='lat' dir='ltr'><strong>ex</strong></span> <span class='ocrx_word' id='word_1_101' title='bbox 1107 1806 1230 1881; x_wconf 77' lang='lat' dir='ltr'><strong>graeca</strong></span> 
     </span>
     <span class='ocr_line' id='line_1_16' title="bbox 134 1877 1229 1977; baseline 0.005 -24"><span class='ocrx_word' id='word_1_102' title='bbox 134 1882 208 1954; x_wconf 83' lang='lat' dir='ltr'><strong>hac</strong></span> <span class='ocrx_word' id='word_1_103' title='bbox 232 1877 400 1951; x_wconf 80' lang='lat' dir='ltr'><strong>versione</strong></span> <span class='ocrx_word' id='word_1_104' title='bbox 422 1880 538 1974; x_wconf 87' lang='lat' dir='ltr'><strong>petita</strong></span> <span class='ocrx_word' id='word_1_105' title='bbox 564 1877 643 1950; x_wconf 88' lang='lat' dir='ltr'><strong>esse.</strong></span> <span class='ocrx_word' id='word_1_106' title='bbox 667 1950 672 1965; x_wconf 73' lang='grc'><strong>,</strong></span> <span class='ocrx_word' id='word_1_107' title='bbox 696 1882 793 1952; x_wconf 87' lang='lat' dir='ltr'><strong>Sunt</strong></span> <span class='ocrx_word' id='word_1_108' title='bbox 815 1896 941 1951; x_wconf 84' lang='lat' dir='ltr'><strong>tamen</strong></span> <span class='ocrx_word' id='word_1_109' title='bbox 965 1882 1034 1977; x_wconf 88' lang='lat' dir='ltr'><strong>qui</strong></span> <span class='ocrx_word' id='word_1_110' title='bbox 1058 1904 1229 1973; x_wconf 89' lang='lat' dir='ltr'><strong>monent,</strong></span> 
     </span>
     <span class='ocr_line' id='line_1_17' title="bbox 135 1977 1229 2079; baseline 0.01 -28"><span class='ocrx_word' id='word_1_111' title='bbox 135 1980 342 2053; x_wconf 89' lang='lat' dir='ltr'><strong>hocsolum</strong></span> <span class='ocrx_word' id='word_1_112' title='bbox 357 1977 516 2053; x_wconf 81' lang='lat' dir='ltr'><strong>voluisse</strong></span> <span class='ocrx_word' id='word_1_113' title='bbox 526 1978 728 2079; x_wconf 82' lang='lat' dir='ltr'><strong>significare</strong></span> <span class='ocrx_word' id='word_1_114' title='bbox 736 1986 941 2064; x_wconf 87' lang='lat' dir='ltr'><strong>Irenaeum,</strong></span> <span class='ocrx_word' id='word_1_115' title='bbox 955 1980 1229 2079; x_wconf 84' lang='lat' dir='ltr'><strong>Apostolorum</strong></span> 
     </span>
     <span class='ocr_line' id='line_1_18' title="bbox 135 2078 1228 2161; baseline 0.006 -7"><span class='ocrx_word' id='word_1_116' title='bbox 135 2083 186 2155; x_wconf 85' lang='lat' dir='ltr'><strong>de</strong></span> <span class='ocrx_word' id='word_1_117' title='bbox 208 2082 374 2153; x_wconf 85' lang='lat' dir='ltr'><strong>adventu</strong></span> <span class='ocrx_word' id='word_1_118' title='bbox 398 2078 529 2153; x_wconf 87' lang='lat' dir='ltr'><strong>Christi</strong></span> <span class='ocrx_word' id='word_1_119' title='bbox 553 2083 764 2154; x_wconf 87' lang='lat' dir='ltr'><strong>doctrinam</strong></span> <span class='ocrx_word' id='word_1_120' title='bbox 792 2082 1002 2156; x_wconf 86' lang='lat' dir='ltr'><strong>consentire</strong></span> <span class='ocrx_word' id='word_1_121' title='bbox 1025 2112 1119 2161; x_wconf 88' lang='lat' dir='ltr'><strong>cum</strong></span> <span class='ocrx_word' id='word_1_122' title='bbox 1143 2094 1228 2161; x_wconf 85' lang='lat' dir='ltr'><strong>Pro·</strong></span> 
     </span>
     <span class='ocr_line' id='line_1_19' title="bbox 135 2182 1228 2282; baseline 0.012 -31"><span class='ocrx_word' id='word_1_123' title='bbox 135 2182 680 2281; x_wconf 79' lang='lat' dir='ltr'><strong>phetarumpraedictionibus,</strong></span> <span class='ocrx_word' id='word_1_124' title='bbox 698 2183 839 2279; x_wconf 87' lang='lat' dir='ltr'><strong>quaein</strong></span> <span class='ocrx_word' id='word_1_125' title='bbox 850 2183 1228 2282; x_wconf 81' lang='lat' dir='ltr'><strong>graecaistuverfiono</strong></span> 
     </span>
     <span class='ocr_line' id='line_1_20' title="bbox 131 2284 1227 2384; baseline 0.005 -25"><span class='ocrx_word' id='word_1_126' title='bbox 131 2288 322 2384; x_wconf 78' lang='lat' dir='ltr'><strong>iegantur.</strong></span> <span class='ocrx_word' id='word_1_127' title='bbox 375 2290 541 2356; x_wconf 85' lang='lat' dir='ltr'><strong>Erronea</strong></span> <span class='ocrx_word' id='word_1_128' title='bbox 555 2324 559 2333; x_wconf 94' lang='lat'>·</span> <span class='ocrx_word' id='word_1_129' title='bbox 573 2284 677 2369; x_wconf 89' lang='lat' dir='ltr'><strong>sunt,</strong></span> <span class='ocrx_word' id='word_1_130' title='bbox 699 2308 806 2381; x_wconf 79' lang='lat' dir='ltr'><strong>quae</strong></span> <span class='ocrx_word' id='word_1_131' title='bbox 828 2289 1002 2360; x_wconf 79' lang='lat' dir='ltr'><strong>Irenaeua</strong></span> <span class='ocrx_word' id='word_1_132' title='bbox 1038 2290 1158 2364; x_wconf 87' lang='lat' dir='ltr'><strong>habet</strong></span> <span class='ocrx_word' id='word_1_133' title='bbox 1188 2292 1227 2364; x_wconf 89' lang='lat' dir='ltr'><strong>de</strong></span> 
     </span>
     <span class='ocr_line' id='line_1_21' title="bbox 135 2382 1226 2487; baseline 0.007 -29"><span class='ocrx_word' id='word_1_134' title='bbox 135 2405 257 2458; x_wconf 86' lang='lat' dir='ltr'><strong>aetate</strong></span> <span class='ocrx_word' id='word_1_135' title='bbox 281 2382 412 2456; x_wconf 82' lang='lat' dir='ltr'><strong>Christi</strong></span> <span class='ocrx_word' id='word_1_136' title='bbox 435 2386 536 2457; x_wconf 85' lang='lat' dir='ltr'><strong>Libr.</strong></span> <span class='ocrx_word' id='word_1_137' title='bbox 563 2391 608 2456; x_wconf 85' lang='lat' dir='ltr'><strong>II.</strong></span> <span class='ocrx_word' id='word_1_138' title='bbox 636 2391 723 2480; x_wconf 85' lang='lat' dir='ltr'><strong>Cap.</strong></span> <span class='ocrx_word' id='word_1_139' title='bbox 751 2386 811 2459; x_wconf 78' lang='lat'><strong>39.</strong></span> <span class='ocrx_word' id='word_1_140' title='bbox 837 2413 873 2483; x_wconf 91' lang='lat' dir='ltr'><strong>p.</strong></span> <span class='ocrx_word' id='word_1_141' title='bbox 902 2388 1007 2475; x_wconf 68' lang='lat'>161„</span> <span class='ocrx_word' id='word_1_142' title='bbox 1033 2394 1147 2487; x_wconf 91' lang='lat' dir='ltr'><strong>quod</strong></span> <span class='ocrx_word' id='word_1_143' title='bbox 1168 2394 1226 2465; x_wconf 80' lang='lat' dir='ltr'><strong>ille</strong></span> 
     </span>
     <span class='ocr_line' id='line_1_22' title="bbox 133 2486 1226 2585; baseline 0.004 -24"><span class='ocrx_word' id='word_1_144' title='bbox 133 2513 219 2561; x_wconf 89' lang='lat' dir='ltr'><strong>non</strong></span> <span class='ocrx_word' id='word_1_145' title='bbox 243 2490 360 2585; x_wconf 83' lang='lat' dir='ltr'><strong>longe</strong></span> <span class='ocrx_word' id='word_1_146' title='bbox 384 2486 546 2558; x_wconf 82' lang='lat' dir='ltr'><strong>abfuerit</strong></span> <span class='ocrx_word' id='word_1_147' title='bbox 569 2512 589 2558; x_wconf 89' lang='lat' dir='ltr'><strong>a</strong></span> <span class='ocrx_word' id='word_1_148' title='bbox 612 2486 810 2571; x_wconf 87' lang='lat' dir='ltr'><strong>senectute,</strong></span> <span class='ocrx_word' id='word_1_149' title='bbox 837 2511 954 2583; x_wconf 92' lang='lat' dir='ltr'><strong>quum</strong></span> <span class='ocrx_word' id='word_1_150' title='bbox 981 2494 1226 2568; x_wconf 81' lang='lat' dir='ltr'><strong>cruciatusht</strong></span> 
     </span>
     <span class='ocr_line' id='line_1_23' title="bbox 132 2588 1226 2686; baseline 0.007 -26"><span class='ocrx_word' id='word_1_151' title='bbox 132 2588 332 2686; x_wconf 82' lang='lat' dir='ltr'><strong>perpessus.</strong></span> <span class='ocrx_word' id='word_1_152' title='bbox 388 2594 547 2660; x_wconf 65' lang='lat' dir='ltr'><strong>Cincin</strong></span> <span class='ocrx_word' id='word_1_153' title='bbox 580 2588 734 2684; x_wconf 88' lang='lat' dir='ltr'><strong>quidem</strong></span> <span class='ocrx_word' id='word_1_154' title='bbox 766 2594 978 2665; x_wconf 78' lang='lat' dir='ltr'><strong>Banonius</strong></span> <span class='ocrx_word' id='word_1_155' title='bbox 1008 2598 1158 2668; x_wconf 81' lang='lat' dir='ltr'><strong>Annei.</strong></span> <span class='ocrx_word' id='word_1_156' title='bbox 1182 2596 1226 2667; x_wconf 85' lang='lat' dir='ltr'><strong>ad</strong></span> 
     </span>
     <span class='ocr_line' id='line_1_24' title="bbox 129 2682 1223 2787; baseline 0.006 -25"><span class='ocrx_word' id='word_1_157' title='bbox 129 2717 222 2762; x_wconf 80' lang='lat' dir='ltr'><strong>ann.</strong></span> <span class='ocrx_word' id='word_1_158' title='bbox 251 2682 378 2787; x_wconf 79' lang='lat' dir='ltr'><strong>Christ.</strong></span> <span class='ocrx_word' id='word_1_159' title='bbox 406 2688 464 2762; x_wconf 67' lang='lat'><strong>34.</strong></span> <span class='ocrx_word' id='word_1_160' title='bbox 493 2716 592 2760; x_wconf 76' lang='lat' dir='ltr'><strong>narn.</strong></span> <span class='ocrx_word' id='word_1_161' title='bbox 622 2689 705 2763; x_wconf 73' lang='lat'><strong>148.</strong></span> <span class='ocrx_word' id='word_1_162' title='bbox 729 2706 857 2783; x_wconf 87' lang='lat' dir='ltr'><strong>putat,</strong></span> <span class='ocrx_word' id='word_1_163' title='bbox 884 2712 979 2785; x_wconf 88' lang='lat' dir='ltr'><strong>quae</strong></span> <span class='ocrx_word' id='word_1_164' title='bbox 1006 2695 1113 2769; x_wconf 87' lang='lat' dir='ltr'><strong>dicto</strong></span> <span class='ocrx_word' id='word_1_165' title='bbox 1143 2702 1223 2771; x_wconf 84' lang='lat' dir='ltr'><strong>loco</strong></span> 
     </span>
     <span class='ocr_line' id='line_1_25' title="bbox 134 2788 1224 2890; baseline 0.006 -26"><span class='ocrx_word' id='word_1_166' title='bbox 134 2792 238 2888; x_wconf 81' lang='lat' dir='ltr'><strong>opud</strong></span> <span class='ocrx_word' id='word_1_167' title='bbox 253 2796 446 2863; x_wconf 79' lang='lat' dir='ltr'><strong>Irenaeum</strong></span> <span class='ocrx_word' id='word_1_168' title='bbox 474 2791 519 2862; x_wconf 92' lang='lat' dir='ltr'><strong>de</strong></span> <span class='ocrx_word' id='word_1_169' title='bbox 544 2811 662 2863; x_wconf 86' lang='lat' dir='ltr'><strong>aetate</strong></span> <span class='ocrx_word' id='word_1_170' title='bbox 678 2788 810 2862; x_wconf 87' lang='lat' dir='ltr'><strong>Christi</strong></span> <span class='ocrx_word' id='word_1_171' title='bbox 827 2793 1012 2890; x_wconf 85' lang='lat' dir='ltr'><strong>legantur,</strong></span> <span class='ocrx_word' id='word_1_172' title='bbox 1045 2800 1094 2869; x_wconf 86' lang='lat' dir='ltr'><strong>ab</strong></span> <span class='ocrx_word' id='word_1_173' title='bbox 1112 2802 1224 2873; x_wconf 80' lang='lat' dir='ltr'><strong>aliene</strong></span> 
     </span>
     <span class='ocr_line' id='line_1_26' title="bbox 60 2891 1224 2988; baseline 0.007 -22"><span class='ocrx_word' id='word_1_174' title='bbox 60 2940 63 2945; x_wconf 95' lang='lat'>-</span> <span class='ocrx_word' id='word_1_175' title='bbox 131 2918 251 2966; x_wconf 85' lang='lat' dir='ltr'><strong>manu</strong></span> <span class='ocrx_word' id='word_1_176' title='bbox 276 2892 344 2965; x_wconf 85' lang='lat' dir='ltr'><strong>csse</strong></span> <span class='ocrx_word' id='word_1_177' title='bbox 368 2893 513 2977; x_wconf 87' lang='lat' dir='ltr'><strong>addita,</strong></span> <span class='ocrx_word' id='word_1_178' title='bbox 545 2894 741 2988; x_wconf 87' lang='lat' dir='ltr'><strong>eidemque</strong></span> <span class='ocrx_word' id='word_1_179' title='bbox 767 2891 970 2965; x_wconf 86' lang='lat' dir='ltr'><strong>sententiae</strong></span> <span class='ocrx_word' id='word_1_180' title='bbox 994 2895 1104 2971; x_wconf 82' lang='lat' dir='ltr'><strong>favet</strong></span> <span class='ocrx_word' id='word_1_181' title='bbox 1128 2908 1224 2974; x_wconf 81' lang='lat' dir='ltr'><strong>Dio·</strong></span> 
     </span>
     <span class='ocr_line' id='line_1_27' title="bbox 129 2990 1222 3099; baseline 0.004 -34"><span class='ocrx_word' id='word_1_182' title='bbox 129 3019 222 3069; x_wconf 69' lang='lat' dir='ltr'><strong>nis.</strong></span> <span class='ocrx_word' id='word_1_183' title='bbox 245 3000 453 3066; x_wconf 67' lang='lat' dir='ltr'><strong>Pramus</strong></span> <span class='ocrx_word' id='word_1_184' title='bbox 480 2994 531 3063; x_wconf 84' lang='lat' dir='ltr'><strong>ad</strong></span> <span class='ocrx_word' id='word_1_185' title='bbox 554 2994 809 3091; x_wconf 69' lang='lat' dir='ltr'><strong>Epiphaniam</strong></span> <span class='ocrx_word' id='word_1_186' title='bbox 837 2990 972 3094; x_wconf 59' lang='lat' dir='ltr'><strong>haeres</strong></span> <span class='ocrx_word' id='word_1_187' title='bbox 990 3003 1059 3071; x_wconf 84' lang='lat' dir='ltr'><strong>LI.</strong></span> <span class='ocrx_word' id='word_1_188' title='bbox 1086 3028 1124 3099; x_wconf 87' lang='lat' dir='ltr'><strong>p.</strong></span> <span class='ocrx_word' id='word_1_189' title='bbox 1149 2998 1222 3077; x_wconf 70' lang='lat'><strong>125.</strong></span> 
     </span>
     <span class='ocr_line' id='line_1_28' title="bbox 130 3095 1221 3200; baseline 0.009 -33"><span class='ocrx_word' id='word_1_190' title='bbox 130 3096 205 3167; x_wconf 83' lang='lat' dir='ltr'><strong>Sed</strong></span> <span class='ocrx_word' id='word_1_191' title='bbox 233 3120 363 3166; x_wconf 86' lang='lat' dir='ltr'><strong>omnes</strong></span> <span class='ocrx_word' id='word_1_192' title='bbox 396 3095 571 3180; x_wconf 85' lang='lat' dir='ltr'><strong>Codices,</strong></span> <span class='ocrx_word' id='word_1_193' title='bbox 606 3122 695 3167; x_wconf 89' lang='lat' dir='ltr'><strong>cum</strong></span> <span class='ocrx_word' id='word_1_194' title='bbox 719 3096 811 3169; x_wconf 88' lang='lat' dir='ltr'><strong>editi</strong></span> <span class='ocrx_word' id='word_1_195' title='bbox 848 3115 932 3168; x_wconf 89' lang='lat' dir='ltr'><strong>tum</strong></span> <span class='ocrx_word' id='word_1_196' title='bbox 967 3104 1221 3200; x_wconf 85' lang='lat' dir='ltr'><strong>manuscripti,</strong></span> 
     </span>
     <span class='ocr_line' id='line_1_29' title="bbox 128 3195 1222 3292; baseline 0.009 -24"><span class='ocrx_word' id='word_1_197' title='bbox 128 3196 235 3268; x_wconf 84' lang='lat' dir='ltr'><strong>hunc</strong></span> <span class='ocrx_word' id='word_1_198' title='bbox 265 3195 405 3267; x_wconf 85' lang='lat' dir='ltr'><strong>Irenaei</strong></span> <span class='ocrx_word' id='word_1_199' title='bbox 436 3198 568 3267; x_wconf 89' lang='lat' dir='ltr'><strong>locum</strong></span> <span class='ocrx_word' id='word_1_200' title='bbox 604 3222 646 3269; x_wconf 91' lang='lat' dir='ltr'><strong>ea</strong></span> <span class='ocrx_word' id='word_1_201' title='bbox 676 3199 843 3283; x_wconf 90' lang='lat' dir='ltr'><strong>ratione,</strong></span> <span class='ocrx_word' id='word_1_202' title='bbox 878 3222 951 3292; x_wconf 90' lang='lat' dir='ltr'><strong>qua</strong></span> <span class='ocrx_word' id='word_1_203' title='bbox 983 3198 1099 3275; x_wconf 88' lang='lat' dir='ltr'><strong>istum</strong></span> <span class='ocrx_word' id='word_1_204' title='bbox 1126 3230 1222 3277; x_wconf 90' lang='lat' dir='ltr'><strong>nunc</strong></span> 
     </span>
     <span class='ocr_line' id='line_1_30' title="bbox 129 3295 1221 3395; baseline 0.009 -26"><span class='ocrx_word' id='word_1_205' title='bbox 129 3297 332 3382; x_wconf 84' lang='lat' dir='ltr'><strong>habemus,</strong></span> <span class='ocrx_word' id='word_1_206' title='bbox 363 3295 556 3382; x_wconf 86' lang='lat' dir='ltr'><strong>exhibent,</strong></span> <span class='ocrx_word' id='word_1_207' title='bbox 580 3316 624 3368; x_wconf 93' lang='lat' dir='ltr'><strong>ut</strong></span> <span class='ocrx_word' id='word_1_208' title='bbox 647 3297 820 3395; x_wconf 87' lang='lat' dir='ltr'><strong>pluribus</strong></span> <span class='ocrx_word' id='word_1_209' title='bbox 849 3299 1025 3372; x_wconf 87' lang='lat' dir='ltr'><strong>observat</strong></span> <span class='ocrx_word' id='word_1_210' title='bbox 1048 3312 1145 3379; x_wconf 81' lang='lat' dir='ltr'><strong>Nic.</strong></span> <span class='ocrx_word' id='word_1_211' title='bbox 1173 3316 1221 3379; x_wconf 78' lang='lat' dir='ltr'><strong>ir.</strong></span> 
     </span>
     <span class='ocr_line' id='line_1_31' title="bbox 128 3398 1219 3495; baseline 0.01 -26"><span class='ocrx_word' id='word_1_212' title='bbox 128 3403 309 3470; x_wconf 81' lang='lat' dir='ltr'><strong>Nounnr</strong></span> <span class='ocrx_word' id='word_1_213' title='bbox 333 3404 521 3495; x_wconf 76' lang='lat' dir='ltr'><strong>Apparet.</strong></span> <span class='ocrx_word' id='word_1_214' title='bbox 550 3401 601 3469; x_wconf 82' lang='lat' dir='ltr'><strong>ad</strong></span> <span class='ocrx_word' id='word_1_215' title='bbox 624 3403 833 3473; x_wconf 76' lang='lat' dir='ltr'><strong>rriaaeimnm</strong></span> <span class='ocrx_word' id='word_1_216' title='bbox 855 3398 1034 3471; x_wconf 81' lang='lat' dir='ltr'><strong>Biblioth.</strong></span> <span class='ocrx_word' id='word_1_217' title='bbox 1071 3409 1179 3479; x_wconf 80' lang='lat' dir='ltr'><strong>Patr.</strong></span> <span class='ocrx_word' id='word_1_218' title='bbox 1191 3410 1219 3489; x_wconf 80' lang='lat'><strong>1,</strong></span> 
     </span>
     <span class='ocr_line' id='line_1_32' title="bbox 128 3496 1219 3599; baseline 0.008 -28"><span class='ocrx_word' id='word_1_219' title='bbox 128 3496 216 3571; x_wconf 79' lang='grc'><strong>596.</strong></span> <span class='ocrx_word' id='word_1_220' title='bbox 252 3506 480 3571; x_wconf 74' lang='lat' dir='ltr'><strong>Sumunlu‘z</strong></span> <span class='ocrx_word' id='word_1_221' title='bbox 502 3501 772 3599; x_wconf 79' lang='lat' dir='ltr'><strong>Widerleguug</strong></span> <span class='ocrx_word' id='word_1_222' title='bbox 787 3525 815 3572; x_wconf 84' lang='lat' dir='ltr'><strong>e.</strong></span> <span class='ocrx_word' id='word_1_223' title='bbox 833 3501 1017 3573; x_wconf 82' lang='lat' dir='ltr'><strong>Irrthums</strong></span> <span class='ocrx_word' id='word_1_224' title='bbox 1034 3508 1072 3578; x_wconf 83' lang='lat' dir='ltr'><strong>d.</strong></span> <span class='ocrx_word' id='word_1_225' title='bbox 1090 3510 1219 3591; x_wconf 70' lang='lat' dir='ltr'><strong>nenti.</strong></span> 
     </span>
     <span class='ocr_line' id='line_1_33' title="bbox 126 3594 1219 3701; baseline 0.012 -35"><span class='ocrx_word' id='word_1_226' title='bbox 126 3599 286 3670; x_wconf 77' lang='lat' dir='ltr'><strong>weicheri</strong></span> <span class='ocrx_word' id='word_1_227' title='bbox 309 3626 348 3671; x_wconf 86' lang='lat' dir='ltr'><strong>er</strong></span> <span class='ocrx_word' id='word_1_228' title='bbox 363 3625 398 3671; x_wconf 84' lang='lat' dir='ltr'><strong>v.</strong></span> <span class='ocrx_word' id='word_1_229' title='bbox 419 3602 456 3671; x_wconf 85' lang='lat' dir='ltr'><strong>d.</strong></span> <span class='ocrx_word' id='word_1_230' title='bbox 473 3602 583 3673; x_wconf 88' lang='lat' dir='ltr'><strong>Alter</strong></span> <span class='ocrx_word' id='word_1_231' title='bbox 600 3594 730 3695; x_wconf 69' lang='lat' dir='ltr'><strong>Christi</strong></span> <span class='ocrx_word' id='word_1_232' title='bbox 746 3601 925 3701; x_wconf 77' lang='lat' dir='ltr'><strong>geheget3</strong></span> <span class='ocrx_word' id='word_1_233' title='bbox 951 3605 992 3674; x_wconf 90' lang='lat' dir='ltr'><strong>in</strong></span> <span class='ocrx_word' id='word_1_234' title='bbox 1015 3608 1219 3681; x_wconf 77' lang='lat' dir='ltr'><strong>Woctmat</strong></span> 
     </span>
     <span class='ocr_line' id='line_1_34' title="bbox 126 3697 1216 3799; baseline 0.009 -30"><span class='ocrx_word' id='word_1_235' title='bbox 126 3697 316 3797; x_wconf 76' lang='lat' dir='ltr'><strong>Holiilche</strong></span> <span class='ocrx_word' id='word_1_236' title='bbox 329 3704 520 3799; x_wconf 81' lang='lat' dir='ltr'><strong>Anzeigeu</strong></span> <span class='ocrx_word' id='word_1_237' title='bbox 537 3727 568 3772; x_wconf 92' lang='lat' dir='ltr'><strong>a.</strong></span> <span class='ocrx_word' id='word_1_238' title='bbox 590 3700 697 3776; x_wconf 87' lang='lat'><strong>1751.</strong></span> <span class='ocrx_word' id='word_1_239' title='bbox 712 3729 747 3798; x_wconf 93' lang='lat' dir='ltr'><strong>p.</strong></span> <span class='ocrx_word' id='word_1_240' title='bbox 766 3702 812 3777; x_wconf 80' lang='lat'><strong>81</strong></span> <span class='ocrx_word' id='word_1_241' title='bbox 827 3704 905 3798; x_wconf 89' lang='lat' dir='ltr'><strong>sqq.</strong></span> <span class='ocrx_word' id='word_1_242' title='bbox 923 3703 979 3775; x_wconf 88' lang='lat' dir='ltr'><strong>Cf.</strong></span> <span class='ocrx_word' id='word_1_243' title='bbox 997 3714 1073 3781; x_wconf 80' lang='lat' dir='ltr'><strong>Ge.</strong></span> <span class='ocrx_word' id='word_1_244' title='bbox 1093 3718 1216 3782; x_wconf 79' lang='lat' dir='ltr'><strong>Cneu.</strong></span> 
     </span>
     <span class='ocr_line' id='line_1_35' title="bbox 124 3804 1215 3900; baseline 0.007 -29"><span class='ocrx_word' id='word_1_245' title='bbox 124 3804 330 3875; x_wconf 71' lang='lat' dir='ltr'><strong>Ptonnsxr</strong></span> <span class='ocrx_word' id='word_1_246' title='bbox 355 3804 489 3900; x_wconf 77' lang='lat' dir='ltr'><strong>Progr.</strong></span> <span class='ocrx_word' id='word_1_247' title='bbox 510 3805 555 3875; x_wconf 81' lang='lat' dir='ltr'><strong>de</strong></span> <span class='ocrx_word' id='word_1_248' title='bbox 577 3827 700 3875; x_wconf 85' lang='lat' dir='ltr'><strong>errore</strong></span> <span class='ocrx_word' id='word_1_249' title='bbox 716 3810 860 3876; x_wconf 88' lang='lat' dir='ltr'><strong>Irenoei</strong></span> <span class='ocrx_word' id='word_1_250' title='bbox 878 3808 914 3875; x_wconf 83' lang='lat' dir='ltr'><strong>iu</strong></span> <span class='ocrx_word' id='word_1_251' title='bbox 935 3806 1215 3883; x_wconf 80' lang='lat' dir='ltr'><strong>determinando</strong></span> 
     </span>
     <span class='ocr_line' id='line_1_36' title="bbox 107 3903 1213 4003; baseline 0.011 -32"><span class='ocrx_word' id='word_1_252' title='bbox 107 3914 251 3974; x_wconf 85' lang='lat' dir='ltr'><strong>-oetate</strong></span> <span class='ocrx_word' id='word_1_253' title='bbox 280 3903 366 3974; x_wconf 84' lang='lat' dir='ltr'><strong>Chri</strong></span> <span class='ocrx_word' id='word_1_254' title='bbox 381 3907 429 3988; x_wconf 88' lang='lat' dir='ltr'><strong>ti,</strong></span> <span class='ocrx_word' id='word_1_255' title='bbox 462 3906 636 4003; x_wconf 83' lang='lat' dir='ltr'><strong>Regiom.</strong></span> <span class='ocrx_word' id='word_1_256' title='bbox 664 3906 774 3981; x_wconf 81' lang='lat'><strong>1778.</strong></span> <span class='ocrx_word' id='word_1_257' title='bbox 803 3907 839 3981; x_wconf 91' lang='grc'><strong>8.</strong></span> <span class='ocrx_word' id='word_1_258' title='bbox 863 3904 899 4002; x_wconf 67' lang='lat' dir='ltr'><strong>*i</strong></span> <span class='ocrx_word' id='word_1_259' title='bbox 949 3911 1023 3983; x_wconf 78' lang='lat' dir='ltr'><strong>His</strong></span> <span class='ocrx_word' id='word_1_260' title='bbox 1048 3914 1127 3986; x_wconf 81' lang='lat' dir='ltr'><strong>ianr</strong></span> <span class='ocrx_word' id='word_1_261' title='bbox 1147 3936 1213 3985; x_wconf 82' lang='lat' dir='ltr'><strong>me·</strong></span> 
     </span>
    </p>
   </div>
   <div class='ocr_carea' id='block_1_3' title="bbox 125 4066 336 4085">
    <p class='ocr_par' dir='ltr' id='par_1_3' title="bbox 125 4066 336 4085">
     <span class='ocr_line' id='line_1_37' title="bbox 125 4066 336 4085; baseline 0.019 -4"><span class='ocrx_word' id='word_1_262' title='bbox 125 4066 336 4085; x_wconf 46' lang='lat'><strong>*-</strong></span> 
     </span>
    </p>
   </div>
   <div class='ocr_carea' id='block_1_4' title="bbox 151 4118 883 4196">
    <p class='ocr_par' dir='ltr' id='par_1_4' title="bbox 151 4118 883 4196">
     <span class='ocr_line' id='line_1_38' title="bbox 151 4118 883 4196; baseline 0.018 -21"><span class='ocrx_word' id='word_1_263' title='bbox 151 4124 178 4189; x_wconf 83' lang='grc'><strong>·)</strong></span> <span class='ocrx_word' id='word_1_264' title='bbox 197 4122 324 4181; x_wconf 75' lang='lat' dir='ltr'><strong>Eanum</strong></span> <span class='ocrx_word' id='word_1_265' title='bbox 343 4118 737 4191; x_wconf 60' lang='lat' dir='ltr'><strong>denuntiatorum.</strong></span> <span class='ocrx_word' id='word_1_266' title='bbox 755 4125 806 4196; x_wconf 77' lang='lat' dir='ltr'><strong>IV,</strong></span> <span class='ocrx_word' id='word_1_267' title='bbox 822 4130 883 4187; x_wconf 67' lang='lat'><strong>22⁶·</strong></span> 
     </span>
    </p>
   </div>
   <div class='ocr_carea' id='block_1_5' title="bbox 0 0 1276 4724">
    <p class='ocr_par' dir='ltr' id='par_1_5' title="bbox 0 0 1276 4724">
     <span class='ocr_line' id='line_1_39' title="bbox 0 0 1276 4724; baseline 0 3"><span class='ocrx_word' id='word_1_268' title='bbox 0 0 1276 4724; x_wconf 95' lang='lat' dir='ltr'><strong> </strong></span> 
     </span>
    </p>
   </div>
  </div>
 </body>
</html>
