2542 4724
416 309 446 381 C
471 332 497 382 a
523 330 559 381 r.
581 309 640 451 ⁸ll·
690 310 727 400 §.
754 304 816 387 98.
1084 304 1158 389 571

59 480 224 595 legetico
240 490 383 565 iudices
399 492 658 566 innocentiam
675 490 971 577 Christianorum
987 480 1161 588 edocere,

58 595 168 671 libris
193 613 322 668 autem
347 595 398 665 ad
412 598 597 668 Nationes
621 596 769 689 plebem
794 597 840 669 de
864 597 994 669 eadem
1020 625 1062 672 re
1082 624 1162 673 cer·

60 698 202 771 tiorem
230 694 394 768 facerem
418 698 597 769 voluerit.
648 697 818 797 Adiungi
834 716 871 770 et
889 699 1045 772 debent:
1071 702 1157 774 Lib.

59 800 115 871 ad
132 798 358 893 Scapulam,
384 796 533 869 Africae
553 799 842 884 Proconsulem,
876 799 916 871 in
942 798 1161 876 christianae

57 896 481 999 profeffionishomines
499 899 744 983 saevientem
771 899 856 973 Lib.
874 901 918 973 de
928 902 1159 989 idololatria,

61 1026 179 1101 quam
194 1002 452 1073 Tertullianus
463 1001 670 1095 principale
695 1004 829 1071 crimen
844 1006 994 1100 generis
1007 1003 1162 1077 ltuutani

61 1103 250 1199 appellat,
278 1119 314 1173 et
332 1101 417 1172 Lib.
446 1101 491 1170 de
514 1092 718 1198 testiinonio
746 1106 915 1190 uitiatae,
944 1128 1021 1199 quo
1045 1106 1162 1179 larius

59 1202 508 1302 persequiturSeptimius
535 1204 842 1301 quaeApologet}
867 1206 1161 1281 C.17.intrans·
1223 1208 1227 1215 ’

63 1302 175 1378 cursu
200 1300 454 1376 affirmaverat.
518 1301 684 1376 Ostendit
711 1306 829 1388 enirn,
865 1305 1011 1377 animae
1034 1305 1162 1402 ipsius,

63 1405 238 1503 quamvis
262 1406 366 1478 rudis
384 1424 420 1477 et
437 1406 653 1501 impolitae,
681 1402 896 1478 testimonio
913 1431 985 1478 nos
1001 1407 1162 1495 edoceri,

65 1503 136 1579 eli'e
160 1511 286 1578 Deum
313 1532 457 1594 unum,
497 1507 666 1578 animum
689 1503 772 1601 post
796 1527 960 1579 mortem
990 1509 1162 1603 corporis

63 1606 207 1681 vivere.
271 1608 384 1704 Quod
414 1610 594 1679 nonnulli
626 1610 790 1694 addunt,
822 1608 1086 1707 fragmentum
1116 1610 1164 1680 de

63 1711 295 1781 execrandis
312 1712 481 1807 gentium
497 1713 600 1795 Diis,
625 1711 811 1785 omittunt
828 1710 902 1794 alii,
928 1734 1048 1804 quum
1064 1710 1165 1782 illud

115 1811 386 1897 eTertulliani‚
414 1835 495 1882 non
512 1829 656 1882 certum
673 1809 717 1882 stt
733 1829 847 1907 atque
863 1813 1111 1907 exploratum.
1125 1806 1164 1905 ¹¹¹)
1235 1826 1240 1833 '

167 1940 354 2008 Mruucu
365 1942 534 2008 Ferrcts
548 1936 746 2035 Dialogus,
765 1935 1165 2033 Octaviusinscriptus,

66 2036 177 2133 quod
206 2063 349 2109 nomen
384 2038 552 2109 sumtum
586 2033 634 2108 est
665 2037 879 2133 aprincipe
907 2028 1164 2133 colloquente.
1229 2113 1236 2125 ,

67 2144 162 2213 Tres
185 2139 287 2212 eninr
311 2140 415 2220 sunt,
440 2139 539 2210 inter
555 2163 650 2234 quos
670 2140 909 2234 colloquium
924 2140 998 2210 hoc
1018 2137 1168 2211 institu-

66 2256 155 2313 tum
178 2238 274 2324 fuit,
304 2241 483 2311 Caecilius
498 2240 674 2324 Natalis,
699 2243 888 2312 sacrorum
911 2238 1167 2334 profanorum

69 2338 245 2414 defensor
269 2360 306 2413 et
319 2338 457 2412 Christi
481 2343 674 2415 cultorum
698 2341 918 2433 accusator„
936 2336 1020 2436 post
1045 2342 1167 2414 collo'·

69 2442 207 2539 quium
224 2459 348 2514 tamen
365 2440 489 2514 factus
503 2440 726 2515 Christianus
736 2470 748 2526 ;
766 2445 965 2513 Ianuarius
976 2440 1164 2529 Octavius,

70 2544 140 2640 qui
154 2569 225 2641 pro
248 2541 365 2615 caulla
382 2540 675 2615 Christianorum
694 2543 867 2629 dimicat,
893 2561 929 2615 et
948 2543 1024 2640 ipse
1041 2547 1170 2615 Minu·

71 2648 149 2717 cius
166 2647 289 2731 Felix,
316 2645 355 2716 in
377 2645 545 2743 Dialago
569 2645 646 2717 hoc
671 2644 873 2739 aliquando
901 2643 981 2717 solo
1007 2670 1171 2741 praeno·

69 2746 177 2820 mine
207 2750 364 2818 Marcus
396 2747 622 2841 appellatus,
667 2746 734 2842 qui
762 2747 861 2816 inter
893 2745 992 2818 duos
1022 2746 1192 2842 priorcs'

71 2844 305 2943 disputantes
339 2847 468 2919 arbitri
498 2867 621 2943 partes
651 2846 794 2942 implet.
811 2841 869 2936 **)
928 2844 1170 2943 Compofitus
1220 2912 1225 2925 .

72 2944 266 3045 igiturest
294 2947 468 3046 dialogus
494 2949 557 3020 hic
587 2948 634 3020 ad
668 2948 859 3021 sacrorum
882 2944 1172 3023 christianorum

74 3047 330 3121 defeusronem
353 3068 388 3121 et
412 3066 626 3121 commenta
647 3050 817 3147 gentium
842 3047 1090 3151 profanarum
1113 3074 1171 3121 re·

10 3236 16 3243 ,
73 3146 249 3223 fellenda.
303 3152 518 3222 Minucium
537 3150 736 3250 diligenter
750 3150 942 3221 imitatur'u
959 3147 1065 3222 fuisse
1082 3157 1173 3222 Ter·

74 3252 279 3323 tullianum
299 3252 452 3347 eiusque
474 3254 785 3351 Apologeticum,
813 3250 885 3324 sive
910 3251 1037 3323 adres
1062 3251 1172 3345 ipsas,

74 3348 150 3425 live
171 3352 385 3424 addicendi
406 3379 523 3451 genus
544 3371 656 3448 atque
680 3352 851 3424 ordinem
868 3351 1059 3448 respicias,
1086 3352 1171 3425 Nic.

73 3452 264 3551 Rigaltius
290 3472 401 3549 atque
426 3455 487 3524 alii
508 3455 644 3525 eruditi
663 3455 741 3526 Viri
766 3454 1018 3525 observarunt.
1072 3458 1174 3525 Eum

74 3570 204 3627 tamen
230 3556 465 3625 Tertulliano
492 3554 595 3652 saepe
623 3555 890 3653 elegantiorem
911 3573 946 3626 et
962 3552 1175 3626 faciliorem
1196 3546 1207 3563 ⁸

74 3650 167 3741 esse,
192 3654 296 3727 haud
317 3658 447 3757 negari
470 3655 614 3753 poterit
637 3657 682 3728 ab
706 3657 773 3743 iis,
802 3657 868 3754 qui
890 3658 1025 3729 harum
1046 3680 1175 3729 rerum

74 3824 314 3841 m

110 3912 142 3981 ⁹)
167 3908 374 3966 1..t.cornnr
402 3910 603 3966 Commentat-
630 3910 666 3965 cle
694 3908 903 3979 Tertulliano,
930 3890 1182 3977 Christianorum

148 3986 179 4032 et
196 3978 347 4053 religionis
365 3976 462 4046 clrrr'jl.
480 3982 549 4034 adu.
567 3988 672 4053 gentes
688 3981 873 4054 Apologeto,·
898 3982 932 4039 in
949 3980 1063 4038 Annas.
1081 3977 1176 4038 daed.

148 4044 271 4103 Rheno·
283 4046 409 4104 Traiect.
432 4067 458 4103 a.
478 4054 671 4108 rats-ruet.

114 4142 158 4211 θ’)
176 4140 324 4199 Orantem
343 4141 381 4196 de
399 4138 571 4212 Scriptortd.
590 4138 670 4199 licei.
689 4139 740 4197 lot.
758 4160 788 4217 p·
808 4146 849 4202 1⁵·
