2542 4724
373 214 653 330 oram.
705 250 856 345 §.13AE
931 290 934 297 ¹
1089 261 1165 341 711

167 448 500 517 Tarra-orniam
524 441 650 517 varios
673 466 818 515 errores
843 468 1065 520 communes
1091 448 1161 523 ha·

62 541 150 620 buit
166 570 251 616 cum
270 539 412 615 Iustino
431 548 563 627 Mart,
590 544 850 643 Athenagora,
878 552 1050 626 Irenaeo.
1080 550 1161 623 Cle-

62 663 193 721 mente
210 648 329 727 Asex„
358 644 402 717 de
415 634 515 737 [tntu
532 644 714 719 nimirum
733 650 944 719 austriorum
960 638 1043 743 post
1061 674 1161 721 mor·

63 763 150 831 teur,
180 772 239 819 eas
255 748 295 817 in
315 745 450 819 abditis
468 745 693 839 quibusdam
711 746 805 817 locis
823 750 1160 847 usqueadtempus

60 848 196 921 iudicii
226 847 383 921 extremi
411 846 546 916 servari
570 846 743 941 solasque
772 852 989 941 Martyrum
1015 851 1159 925 animas

58 951 104 1023 in
121 949 333 1023 Paradisum
354 944 545 1019 transferri
553 973 565 1031 3
594 948 639 1019 de
659 948 878 1035 Csrilinsmo,
906 951 946 1021 in
963 952 1069 1024 cuius
1085 950 1160 1023 fal-

60 1050 142 1131 sam
166 1046 440 1145 persuasionem
474 1074 562 1123 oum
590 1049 671 1120 aliis
701 1048 882 1145 ingressus
914 1048 963 1123 est
977 1050 1013 1145 *)
1045 1070 1159 1149 atque

62 1148 305 1233 existimavit,
343 1150 436 1221 ursse
471 1147 558 1234 esse,
592 1146 620 1223 'sr
650 1148 843 1223 infantum
871 1151 1080 1247 baptismus
1110 1154 1160 1227 ad

61 1270 215 1351 tempus
241 1246 444 1333 disseratur.
496 1250 633 1325 Naevia
653 1252 710 1325 his
732 1252 796 1322 alii
813 1253 1024 1338 adduntur,
1050 1256 1160 1351 isque

59 1352 279 1452 praesertim
298 1353 537 1437 anonnullis,
555 1352 793 1448 quodDeum
810 1351 877 1425 esse
887 1380 1037 1451 corpus,
1056 1352 1160 1428 dixe-

61 1455 126 1529 rit.
178 1452 330 1549 Quaerit
348 1454 448 1529 enim
464 1451 547 1527 Lib.
565 1456 652 1528 aar.
669 1458 857 1526 Praaeemrr
875 1461 922 1527 Ca
953 1509 961 1526 .
979 1458 1036 1527 7.:
1066 1459 1161 1558 Quis

59 1552 240 1653 negabit,
271 1559 396 1626 Deum
420 1578 551 1651 corpus
573 1548 661 1656 effe,
694 1548 758 1652 etfi
782 1557 885 1628 Deus
899 1481 1055 1659 spiritus
1080 1549 1160 1652 eft?

58 1658 141 1733 Alii
158 1674 283 1733 tamen
301 1683 387 1731 eum
406 1657 581 1733 excusant
597 1684 639 1730 ac
654 1677 834 1745 monent,
860 1660 971 1731 illum
992 1659 1159 1731 vocabu·

59 1760 148 1831 lum
173 1758 346 1853 Corporis
371 1757 555 1853 usurpasse
579 1786 650 1855 pro
675 1759 751 1855 ipsa
769 1760 827 1831 rei
854 1757 1071 1847 substantia,
1098 1760 1163 1835 in-.

58 1859 196 1959 primia
215 1884 334 1955 quum
350 1860 438 1935 alibi
456 1859 501 1929 de
516 1864 599 1932 Deo
617 1863 669 1933 ita
685 1863 879 1955 loquatur,
904 1880 948 1933 ut
966 1862 1158 1957 perspicue

58 1978 201 2057 pateat,
220 1986 306 2033 eum
323 1958 523 2047 credidisse,
543 1961 648 2055 quod
665 1968 768 2034 Dens
785 1959 829 2033 srt
845 1962 997 2057 spiritua
1013 1964 1158 2037 omnia·

61 2086 138 2161 que
163 2062 338 2137 materiae
363 2086 505 2159 expers.
558 2070 614 2137 Ita
640 2063 739 2137 inter
763 2063 994 2163 antiquiores
1019 2065 1158 2138 Aneu-

61 2188 214 2237 armus
243 2164 287 2234 de
313 2154 532 2261 llaerrfibus
559 2170 648 2260 Cap.
666 2170 867 2237 LXXXVI.
885 2190 922 2261 p.
938 2162 1024 2237 226.
1046 2164 1158 2239 illum

52 2266 133 2355 ⁸hac
156 2266 196 2339 in
221 2262 338 2339 caussa
370 2264 622 2339 excusandum
647 2263 714 2337 esse
742 2282 863 2360 putat.
914 2264 1073 2337 Uberius
1099 2288 1154 2350 ea,

60 2392 159 2466 quae
183 2368 327 2441 adeius
346 2364 598 2439 defensionem
615 2368 824 2462 pertinent,
852 2366 951 2438 inter
970 2365 1156 2437 recentio-

58 2492 121 2541 τεο
137 2476 228 2541 Nic.
247 2495 299 2541 La
318 2475 494 2539 Nounnr
518 2472 709 2562 Apparnt.
732 2468 783 2537 ad
802 2466 979 2539 Bibliotsr.
998 2470 1156 2541 rnnxim.

58 2584 175 2643 veter.
192 2573 266 2663 1³13.
294 2576 340 2652 11,
374 2570 499 2655 1279„
530 2574 691 2643 Banru.
708 2574 908 2643 aennon.
934 2568 980 2639 de
1003 2566 1154 2643 veterib.

60 2672 270 2745 Haereticis
287 2663 430 2768 ecclesia
448 2684 473 2740 t.
493 2672 616 2741 Codic.
635 2684 838 2765 corruptor.
858 2696 892 2765 p.
906 2666 991 2743 587.
1005 2688 1044 2745 et
1059 2673 1098 2741 C.
1110 2670 1155 2741 Α.

58 2778 281 2866 ΒΕῐΕιιΕρ.
313 2776 396 2873 Quo
428 2766 511 2867 ausu
525 2770 1155 2845 'l'ermllianuslteunrdixeritCor·

58 2898 143 2971 pus.
159 2873 259 2968 Lips.
272 2874 382 2947 taut.
392 2876 428 2947 4.
439 2872 648 2949 edisserunt.
674 2874 826 2947 Beierus
836 2874 1024 2947 adeorum
1034 2873 1156 2945 revos-

59 2974 406 3060 vitursententiam,
425 2974 490 3072 qui
506 2976 685 3061 iudicant,
705 2975 982 3049 Tertullianum
992 2970 1156 3047 tribuisse

60 3077 137 3151 Dei
162 3102 299 3170 corpus
324 3101 384 3161 ea,
413 3102 484 3173 qua
509 3077 642 3161 Stoici,
677 3079 858 3151 notione:
894 3074 1028 3147 habere
1052 3076 1156 3149 enim

61 3176 105 3251 in
127 3176 208 3249 Lib.
233 3179 418 3249 decarne
441 3169 572 3272 Christi
594 3184 642 3250 Ca
673 3230 682 3247 .
702 3180 760 3250 11.
787 3178 937 3251 axioma
961 3177 1154 3249 Stoicum:

65 3282 186 3351 Omne
204 3280 304 3373 quod
327 3272 394 3374 est,
423 3305 556 3373 corpus
572 3204 689 3381 estsrii
705 3282 860 3377 generis.
912 3276 1017 3349 Nihil
1034 3270 1084 3375 est
1099 3281 1155 3347 in·

63 3382 277 3476 corporale,
305 3372 369 3477 rufi
392 3381 491 3477 quod
513 3403 586 3453 non
611 3371 670 3476 est.
722 3379 1153 3452 vid.etian110s.rt1rr.

63 3488 268 3554 Caurovt
293 3486 355 3553 De
376 3486 554 3578 Septimio
572 3496 608 3554 et
626 3480 664 3553 8.
684 3480 896 3579 Epiphanio
912 3474 1078 3581 Differtt.
1099 3482 1154 3549 11.

62 3581 175 3654 theol.
202 3587 302 3669 crit„
329 3587 365 3653 in
388 3582 517 3679 quibus
534 3580 960 3679 Autsrropomorpsrismo
984 3596 1156 3653 neutrum

63 3677 245 3784 loboraffe
261 3675 471 3780 ostenditur.
499 3684 895 3775 Mediol.1ta3.8.**)
947 3682 1156 3755 Cimoni·

62 3810 234 3857 ern'ruu
251 3822 267 3841 ·
283 3790 459 3861 enusrus
490 3780 790 3887 Dogruerrgejch.
821 3811 862 3883 p.
887 3784 976 3861 932.
1007 3790 1102 3857 Not.
1119 3776 1156 3873 ⁴²)

66 3940 274 3957 —m

95 4030 122 4094 ⁶)
139 4026 208 4083 vta.
227 4028 261 4082 A.
281 4027 310 4081 N
313 4044 427 4083 nam
443 4022 676 4101 Antignofiilrur
691 4046 722 4103 p.
739 4028 801 4083 499.

94 4114 139 4183 ’Ἴ
154 4111 282 4171 Eunu
298 4108 428 4183 Nourfir
443 4115 534 4175 theol.
551 4114 692 4175 Biisr'otsr.
708 4110 761 4181 111.
776 4112 838 4173 639.
