2542 4724
129 290 206 372 596
476 285 515 365 ,c
538 304 565 355 a
591 302 627 354 r·
659 284 709 365 X·
757 262 796 372 §J
825 274 911 357 104.

130 488 329 558 noratum3
364 466 480 541 Liber
502 489 603 556 unua
624 464 671 538 cie
698 462 844 538 duabus
873 464 1073 541 animabus
1102 487 1232 547 contra

131 572 408 651 Manichacus,-
433 568 672 653 Liberunus,
690 570 794 637 Acta
808 563 844 667 f.
861 564 1084 665 Disputatio
1103 589 1232 649 contro

130 686 396 758 Fortunatam,
408 667 626 740 Manichaei
642 661 886 769 discipulunrr
911 669 1233 747 Liberunuscou·

133 796 194 859 tra
211 776 474 856 Adimantum,
502 767 719 841 Manichaei
735 764 975 870 discipulinm
1001 774 1119 847 Liber
1135 801 1233 851 unus

132 894 266 953 contra
282 866 491 971 Epistulam
509 870 746 956 Manichaei,
772 896 887 965 quam
902 888 1053 960 uocant,
1081 878 1232 949 Funda-

131 982 272 1057 menti‚·
298 994 371 1048 tres
397 993 433 1046 et
458 974 612 1072 triginta
635 972 722 1044 libri
747 987 879 1043 contra
904 963 1085 1068 Faustum
1105 982 1232 1051 Mani·

134 1082 315 1161 chaeumr
345 1077 451 1149 Libri
469 1077 546 1146 duo
567 1074 613 1144 de
627 1075 733 1149 Actis
751 1098 834 1143 cum
851 1076 969 1146 Felice
986 1076 1232 1161 Manichacus

131 1178 665 1257 Liberunusdenaturalioni
680 1175 1093 1269 contraManichaeos‚·
1124 1180 1232 1253 Liber

36 1298 48 1327 ¹
131 1308 234 1361 unus
260 1295 391 1355 contra
420 1277 668 1350 Secundinum
699 1275 979 1349 Manichaeum.
1039 1280 1160 1353 Liber
1188 1283 1232 1354 dc

131 1386 222 1463 Fide
240 1396 371 1455 contra
393 1378 640 1451 Manichaeos
656 1402 699 1449 ac
721 1379 1055 1451 Commonitorium
1072 1382 1120 1455 tie
1143 1385 1229 1455 reci·

129 1486 274 1583 pientiis
306 1481 561 1566 Manichaeis,
597 1481 660 1573 qui
691 1494 973 1566 conuertuntur,
1013 1480 1227 1583 Augustino

131 1586 286 1683 quidem
304 1584 544 1666 tribuuntur,
563 1606 763 1676 perperam
782 1599 919 1665 tumen,
947 1583 1088 1678 aliique
1098 1585 1228 1681 scripu

129 1690 222 1760 haec
250 1682 318 1756 effe
351 1684 561 1757 adulterina
587 1683 724 1754 rectius
756 1682 935 1755 iudicant.
987 1687 1227 1759 Enumeratit

129 1789 190 1861 his
210 1786 461 1881 Scriptoribus
487 1783 682 1856 addendus
708 1780 777 1857 est:
812 1790 1050 1859 Zacuanras
1073 1786 1227 1861 Schola·

120 1880 238 1988 sticus
258 1887 309 1957 ob
329 1878 635 1982 Disputationem
659 1899 791 1956 contra
814 1911 878 1971 en,
910 1913 1006 1982 quac
1022 1888 1071 1960 dc
1085 1886 1226 1961 duobus

129 1991 326 2084 Principiis
350 2014 374 2058 a
391 1986 619 2058 Manichaeo
645 1988 811 2080 quodam
825 1981 971 2087 scriptu
996 1998 1033 2061 ct
1058 1994 1225 2085 proiecto

128 2096 167 2163 in
183 2095 287 2161 viam
300 2088 490 2184 publicam
508 2091 652 2183 reperit,
677 2078 882 2183 Iustiniana
898 2094 996 2185 Imp.
1005 2142 1017 2175 ‚
1044 2090 1224 2189 scriptum

52 2252 54 2256 Α
126 2194 240 2269 breve
256 2191 371 2263 unius
390 2190 548 2288 paginae
573 2205 685 2285 atque
702 2212 747 2261 ex
764 2195 897 2261 Franc.
919 2194 1097 2263 Turriani
1112 2194 1223 2267 inter·

125 2293 341 2391 pretatione
357 2293 475 2363 latina
502 2290 646 2362 editum
669 2290 899 2363 iri-Biblioth.
919 2294 1025 2363 Patr.
1045 2294 1221 2395 Lugdun.

125 2402 199 2481 IX,
221 2393 309 2468 794.
345 2411 458 2488 atque
487 2392 580 2463 aliis.
641 2398 805 2465 Crnrsu
838 2396 1003 2466 Lection.
1036 2400 1221 2491 antiquar.

125 2504 164 2583 1,
186 2492 274 2570 425.
303 2495 392 2567 edit.
415 2495 609 2592 Baslnagii.
669 2493 876 2589 Scriptores
909 2514 1057 2568 veteres
1091 2516 1220 2569 contri

124 2598 372 2671 Manichacus
404 2593 568 2669 recenset
605 2618 760 2692 quoque
790 2601 819 2668 F
821 2620 1013 2670 annicius
1042 2596 1218 2671 Biblioth-

124 2724 251 2801 graec.
267 2703 348 2784 VII,
364 2697 450 2772 323.

138 2939 142 2947 .
224 2881 266 2976 a)
292 2887 336 2954 N
342 2888 609 2970 uvatianas,
626 2885 862 2957 cremanus
873 2874 1217 2985 inopistoliapna

124 2987 236 3082 cipue
260 2985 307 3057 ad
334 2987 553 3059 Cornelium
580 3003 618 3058 et
639 2985 903 3058 Antonianum
927 2986 1093 3083 scriptis:
1129 3012 1215 3061 nuru

125 3094 252 3161 autem
270 3105 307 3159 et
321 3088 467 3161 Auctor
481 3086 526 3159 fit
538 3087 646 3160 Libri
662 3088 713 3157 aei
728 3090 999 3173 Novatiunum,
1027 3084 1215 3193 quodspa

121 3193 252 3261 veniae
269 3180 376 3287 iapfis
392 3181 527 3288 nonfit
542 3189 784 3287 deneganda,
810 3214 880 3263 nec
895 3188 969 3261 ne?
996 3189 1044 3261 du
1062 3215 1109 3264 eu
1125 3194 1213 3277 iuter

121 3292 304 3364 Eruditos
331 3288 497 3363 diffenfiu
520 3288 587 3375 est3
616 3296 859 3363 Connuurus
875 3282 1048 3387 Epistolis
1065 3290 1211 3367 eumad

121 3392 373 3487 cyprianum,
399 3409 482 3464 turn
506 3392 553 3463 ad
576 3391 754 3477 Fabium,
781 3392 1067 3465 Antiochenum
1087 3394 1209 3491 tupiter

120 3501 355 3569 Droursws
371 3494 478 3567 Alex.
496 3499 567 3590 Ep.
585 3495 636 3564 aci
653 3495 915 3565 Nouationnm
932 3494 978 3563 de
994 3486 1207 3580 Schisnrate,

120 3594 368 3693 quaeintegra
378 3592 492 3667 exstat
500 3620 557 3691 ap.
569 3599 792 3667 Eusuururn
805 3585 944 3691 Hister.
955 3596 1055 3667 Eccl.
1065 3602 1130 3684 vt,
1138 3594 1204 3679 Ait

119 3703 348 3780 Pauranus,
376 3698 482 3770 cuius
506 3711 580 3768 tres
599 3686 789 3792 Epistulae
804 3698 855 3766 ati
878 3698 1206 3794 Synrprunianurn,

118 3797 397 3883 Novatianum,
426 3799 470 3869 ab
490 3797 647 3870 interitu
662 3795 700 3867 se
716 3796 956 3869 vindicarunt
978 3799 1020 3869 in
1036 3799 1204 3873 Biblioth.

117 3906 224 3973 Patr.
242 3899 418 3994 Lugdun.
443 3905 504 3985 tv,
523 3900 629 3986 305.;
656 3898 922 3983 Anuaosrus,
952 3899 1018 3994 qui
1046 3902 1146 3975 duos
1166 3902 1205 3973 li·

116 4005 206 4075 bros
231 4002 276 4071 de
301 4000 556 4087 Poenitentia‚
592 4019 724 4075 contra
754 4000 992 4075 Novatianos
1024 3998 1202 4105 compeh-

115 4122 198 4191 tos,
224 4102 387 4198 reliquit.
