2542 4724
346 268 436 349 Ca
462 292 500 345 e.
533 268 631 345 xlv.
680 268 831 361 0134.
1072 270 1149 355 ⁷51

60 460 125 547 fit,
150 477 317 533 mentem
338 457 417 531 eine
433 482 571 555 capere.
600 458 660 531 De
678 457 833 555 reliquis
846 456 1046 559 Augustini
1063 456 1151 537 effa·

61 565 113 637 tie
130 560 229 635 fallis
246 588 288 634 ac
306 560 521 631 durioribus
542 560 724 657 legendus
745 559 812 634 est:
838 567 894 635 Ιο.
912 570 1149 635 Dauoeeue

56 662 158 735 Libr.
177 666 229 733 11.
251 665 295 735 de
307 686 395 733 vero
412 655 476 760 usn
498 664 657 731 Petrum
676 668 766 756 Cap.
786 662 823 735 4.
842 690 879 761 p.
898 666 985 737 280.
1004 690 1046 735 oo
1059 666 1149 737 inn-

56 766 204 865 gendos
221 772 406 836 Naraus
424 767 689 834 Anexan-nen
706 754 842 857 Hister.
862 754 1050 863 ecclefiaft.
1065 768 1148 837 Sec.

58 870 111 937 V.
141 870 233 962 Cap.
250 864 285 937 li.
315 866 431 934 Artic.
450 864 485 935 3.
510 866 544 951 0.
570 866 629 933 10.
655 890 690 959 p.
716 866 820 950 128„
852 868 917 961 qui
939 890 1099 951 neerei,
1125 890 1148 939 a

56 969 216 1039 Dallaeo
238 968 276 1035 in
295 966 437 1059 scriptis
456 959 656 1057 Augustini
672 982 838 1051 notatos,
865 964 1066 1067 abstergere
1084 992 1149 1041 co·

55 1086 170 1139 natus
190 1064 256 1151 est,
282 1090 362 1137 non
382 1066 522 1159 semper
538 1082 663 1137 autem
680 1062 810 1137 iustam
829 1064 1005 1155 caudam,
1034 1066 1148 1143 istum

58 1167 286 1241 defendendi
320 1164 461 1237 habuit.
519 1167 597 1237 Ne'c
630 1164 864 1240 omittendus
897 1167 947 1240 est
976 1176 1057 1241 Iac.
1083 1176 1146 1243 W.

60 1274 353 1349 Faunine-us,
382 1269 447 1361 qni
461 1260 723 1365 Differentione
738 1258 816 1359 nist.
835 1268 944 1341 theol.
965 1272 1009 1341 de
1025 1293 1148 1343 errore

58 1362 277 1469 Augustini,
296 1363 394 1468 solos
410 1364 547 1466 fideles
569 1358 637 1464 effe
656 1368 840 1466 legitimos
853 1362 1068 1469 poffeffores
1092 1396 1149 1443 re·

55 1498 161 1556 rnen,
186 1472 357 1568 Gotting.
378 1472 475 1543 ’1730
500 1470 536 1542 4.
563 1467 679 1541 fufius
707 1472 803 1568 egit,
833 1489 869 1542 et
893 1469 1148 1571 Augustinnm

58 1590 190 1647 contra
207 1570 501 1669 Borbeyracium
519 1569 697 1641 defendit.
749 1566 1030 1645 Io.'Cnen1cus
1049 1595 1150 1679 quo-

55 1698 132 1771 que
159 1672 397 1769 reprehendit
426 1672 587 1769 graviter
615 1668 866 1763 Augustinnrn
902 1674 943 1744 in
972 1670 1147 1771 Epistolis

58 1776 192 1847 criticis
227 1798 270 1845 ac
307 1774 372 1844 snb
402 1773 558 1843 nomine
581 1778 640 1843 Io.
669 1778 919 1845 Pnennrom
951 1775 1147 1847 liberiores

57 1872 395 1971 oninradverfiones
421 1873 460 1942 in
484 1892 731 1945 nronunronra
757 1874 835 1947 eius
855 1876 1004 1973 scripsit.
1053 1882 1148 1949 Non

55 1976 206 2057 minore
235 1993 360 2045 autern
386 1973 557 2045 libertate
588 1990 699 2067 atque
727 1976 939 2049 eruditione
963 1976 1147 2049 Doctorie

55 2074 309 2173 Hipponenfis
334 2072 585 2149 defensionem
603 2073 838 2168 susceperunt
855 2082 1039 2151 Rornae.
1056 2084 1148 2149 Ien-

57 2198 188 2251 mnus
223 2176 263 2248 in
292 2180 486 2273 Apologia
510 2166 728 2273 Augustini,
768 2178 938 2252 cantabr.
967 2182 1075 2252 1707.
1107 2178 1146 2253 8.

55 2274 134 2351 fine
148 2278 303 2349 nomine
321 2280 438 2361 edita,
465 2295 501 2348 et
519 2284 748 2349 Lamrunos
767 2284 998 2353 Purraauus
1029 2280 1055 2352 1.
1079 2279 1148 2377 qui

57 2370 128 2451 sub
161 2381 235 2450 hoo
264 2380 421 2451 nomine
447 2381 557 2463 latet,
597 2384 703 2449 Luo.
726 2380 831 2449 Aur.
857 2386 1145 2455 Munarornus

58 2480 101 2553 in
116 2480 215 2551 libro
235 2482 279 2551 de
298 2484 529 2578 ingeniorum
553 2480 805 2551 moderatione
819 2484 855 2550 in
873 2484 1060 2581 religionis
1083 2507 1146 2553 ne·

57 2584 189 2681 gotio,
218 2583 282 2677 qui
299 2584 441 2676 prodiit
455 2588 534 2653 I'ar.
555 2582 663 2653 1714.
681 2598 718 2650 et
733 2578 830 2651 Frcf.
852 2586 959 2656 1716.
979 2584 1015 2657 8.
1064 2584 1147 2681 Ipse

57 2700 185 2753 autem
201 2686 471 2755 Auous'rnrus
500 2682 544 2753 de
568 2680 604 2753 se
621 2680 769 2775 suisque
789 2683 893 2755 libris
914 2686 1007 2756 haec
1028 2710 1146 2757 enun-

56 2781 168 2855 tiavit
183 2782 262 2855 Lib.
282 2784 326 2854 de
342 2782 436 2854 bono
452 2784 746 2881 Perseverontioe
764 2788 920 2879 cap.27.
947 2790 1146 2859 Neminem

56 2878 232 2981 oelimste
256 2884 429 2979 arnpiecti
453 2888 578 2955 omnio
603 2908 705 2967 rnen,
735 2897 776 2952 nt
791 2876 1053 2983 mesequatur,
1081 2878 1148 2985 rifi

58 2990 97 3057 in
115 2988 170 3067 iis,
189 2990 224 3055 in
240 2983 368 3079 quibus
383 3012 441 3055 me
457 3010 531 3055 non
549 3008 672 3055 errare
686 2978 930 3083 perspexerit:
954 3014 1044 3061 nam
1056 3016 1146 3087 pro·

29 3101 184 3185 .ptereo
201 3112 297 3155 nnnc
307 3085 411 3179 facio
427 3084 557 3175 libros,
582 3088 618 3156 in
635 3088 715 3181 quis
729 3088 906 3182 opuscula
926 3114 1010 3163 meo
1027 3108 1146 3169 retro.

58 3188 198 3263 ctareda
205 3180 362 3287 suscepi.

503 3322 563 3413 -·§.
592 3318 675 3398 135.

161 3494 272 3663 quae
298 3488 377 3561 iarn
397 3514 444 3561 ex
460 3492 621 3563 Patrurn
637 3490 832 3565 Ecclesiae
852 3492 964 3569 libris
989 3494 1039 3571 de
1056 3502 1147 3601 opi·

56 3591 171 3667 nioni
204 3616 248 3663 us
267 3616 407 3663 eornm
428 3590 623 3677 erroneis,
648 3590 908 3669 heterodoxis
930 3600 994 3671 vel
1012 3598 1144 3701 [inpu-

31 3690 208 3773 ,laribus
241 3692 668 3777 connnennnnvirnus‚
716 3694 940 3770 testimonia
973 3698 1023 3773 ad
1053 3696 1142 3780 rem

52 3790 301 3911 probandam
318 3786 497 3863 sufficere
514 3806 699 3889 pntanrus
711 3792 894 3891 hancque
911 3798 963 3871 ob
974 3800 1146 3881 caussam'

49 3918 95 3969 ln
118 3894 196 3965 inis
216 3890 447 3963 enarrandis
465 3890 568 3962 hand
586 3892 881 3989 progredimur.
936 3902 1142 4001 Quaedam

49 4010 187 4069 tornea
222 3992 271 4065 ad
302 4007 583 4089 argumentum
616 3990 696 4065 hoc
729 3994 1005 4075 illustrandum
1044 4004 1143 4077 adii·

49 4092 210 4169 cienda.
269 4094 449 4167 Primum
482 4091 526 4165 in
551 4092 631 4167 inis
656 4090 733 4184 est,
766 4100 892 4173 multa
919 4102 1035 4179 allata
1064 4106 1143 4181 ess'e
