2542 4724
291 258 311 415 J
409 282 561 366 cu.
605 298 649 368 11.
699 295 828 385 §.ro
993 262 995 267 ’
1092 255 1238 374 133

166 485 356 579 Magnam
371 475 418 550 de
434 482 587 549 Petrum
608 475 751 577 scriptis
771 483 996 558 meritorum
1012 485 1170 561 laudem·

66 584 289 678 famamque
306 580 562 675 consequutos
578 580 1160 687 eiieBenedictinosMonachos,
1223 640 1226 649 -

63 686 282 757 luculenter
313 678 525 754 monstrant
549 681 751 771 editiones,
796 709 886 780 quas
911 688 1161 779 recensuimus

60 786 245 978 idemqrpp
263 798 325 856 tot
341 784 578 857 eruditorum
593 786 770 859 Virorum
795 784 1006 861 testimonia
1023 790 1192 889 000113-Ἰ
1241 854 1245 868 .

59 904 179 961 mm.
296 931 308 940 ·

541 1090 574 1178 ς.
629 1091 687 1165 16.
793 1043 880 1067 ”

159 1287 333 1358 Praeter
344 1280 571 1356 Monachos
586 1281 870 1360 Benedictinos
889 1311 912 1359 e
929 1274 1161 1384 Congrege-

58 1389 174 1461 tione
201 1387 243 1461 S.
263 1384 422 1471 Mauri,
460 1382 527 1456 alii
546 1384 632 1456 Viri
656 1385 700 1457 in
726 1389 853 1460 Gallia
878 1384 1061 1472 fuerunt,
1090 1387 1161 1481 qui

56 1484 287 1585 inscriptis
310 1488 473 1558 Patrum
494 1484 681 1585 publicae
696 1487 777 1559 luci
801 1487 1049 1590 exponendis
1069 1512 1161 1560 ver·
1245 1526 1254 1545 ·

57 1586 247 1663 [arentur
267 1610 310 1658 ac
327 1602 532 1673 curarent,
559 1587 689 1659 utilia
707 1587 916 1662 emendata
934 1604 1051 1685 atque
1068 1588 1160 1660 illu'-

59 1687 178 1762 strata
192 1685 419 1787 prodirent.
463 1689 510 1758 In
524 1687 603 1759 illis
620 1688 738 1760 multi
753 1687 918 1785 quidem
934 1684 1072 1761 locum
1090 1686 1161 1760 tibi

59 1786 275 1875 iecerunt,
308 1812 394 1860 non
419 1794 560 1860 onmes
587 1804 719 1861 autem
740 1815 880 1891 parem
906 1789 1066 1862 laudem
1090 1789 1161 1883 fibi

60 1903 374 1989 compararunt,
405 1912 533 1984 quum
550 1886 702 1978 ⁴client,
732 1893 801 1987 qui
823 1892 908 1964 aliis
931 1890 1158 1989 superiores
1217 1901 1222 1911 “

60 1990 100 2065 ie
151 1989 370 2064 raeberent
394 2014 438 2060 ac
463 1989 659 2073 maiorem
683 1990 976 2079 eruditionem,
1004 1991 1160 2088 ingenii

61 2017 288 2188 iudiciique
305 2087 536 2162 facultatem
554 2106 670 2188 atque
686 2091 922 2166 industriam
944 2108 983 2165 et
1000 2116 1160 2165 accura-

63 2194 218 2267 tionem
230 2188 511 2264 monstrarent.
539 2196 639 2264 Eam
656 2188 891 2267 ob‘cauiiem
909 2195 1060 2267 mirum
1074 2218 1159 2268 non

63 2293 135 2383 et,
164 2290 370 2367 editiones
386 2291 459 2365 has
475 2291 519 2364 in
536 2290 694 2366 diverso
712 2289 788 2366 elie
803 2293 974 2369 honore.

160 2655 270 2723 Inter
294 2673 359 2723 eos
383 2650 532 2735 Gallos,
564 2652 636 2745 qui
651 2669 796 2747 praeter
811 2650 1026 2731 Monachus
1044 2655 1161 2724 Bene·
1239 2652 1249 2671 ’

64 2754 229 2827 diutinos
242 2768 452 2836 curarunt,
493 2768 538 2822 ut
559 2772 808 2824 monumenta
825 2759 1043 2827 Doctorum
1066 2752 1162 2826 chri·

65 2854 271 2927 timorum
288 2850 513 2949 antiquioris
530 2855 659 2925 aetatis
676 2856 717 2924 in
733 2857 858 2926 lucem
873 2853 1081 2950 prodirent,
1101 2856 1161 2926 lo·
1249 2940 1252 2947 ¹

64 2984 149 3029 cum
169 2956 365 3027 obtinent:

160 3088 320 3155 Fumo.
339 3087 557 3165 Biunum,
595 3081 661 3175 qui
685 3084 848 3153 Orrrrr
876 3081 1090 3151 Milevitani
1114 3083 1161 3151 ti,
1235 3096 1239 3104 ·

65 3184 151 3257 bros
176 3183 226 3254 de
251 3180 458 3253 schismate
480 3173 768 3279 Donatistarum
790 3182 881 3253 iuris
898 3183 1040 3279 publici
1057 3180 1160 3265 fecit,

67 3290 144 3357 Par.
164 3282 280 3358 1563.
307 3282 344 3357 8.
396 3288 524 3380 Quum
542 3300 668 3355 autem
685 3283 801 3355 editio
820 3286 911 3356 haec
935 3283 1161 3355 sextantum

82 3554 314 3629 §uberiorem
337 3555 477 3611 notitiam
499 3557 536 3609 de
559 3551 722 3611 Monachir
743 3532 942 3611 benedictinis
963 3573 979 3609 0
1002 3554 1110 3628 Congr-
1131 3553 1161 3611 8.

131 3626 242 3683 Mauri
258 3644 424 3697 eorumque
438 3624 567 3696 scriptia,
585 3622 738 3700 speciatim
754 3625 876 3681 Petrum
890 3625 1081 3687 editionibus,
1097 3621 1163 3698 sup·

131 3698 286 3769 peditantt
311 3693 400 3751 113333.
414 3693 497 3747 Przn
513 3691 653 3749 Bt'blioth.
669 3693 1059 3749 benedictino-Maurienna
1066 3715 1078 3757 ,·
1086 3695 1114 3764 s
1126 3694 1163 3750 cte

131 3774 223 3827 ortu,
242 3761 311 3818 vitis
326 3771 354 3815 et
363 3761 484 3834 scriptis
500 3762 631 3815 Petrum
646 3761 914 3819 Benedictinornm
935 3781 955 3816 e·
973 3759 1170 3817 celeberrima*

136 3835 247 3918 Conffr.
271 3832 299 3886 S.
323 3830 434 3885 ittauri
454 3830 486 3883 in
512 3829 640 3885 iiunciu
662 3829 747 3887 Libb.
763 3829 816 3885 115
838 3836 912 3904 Aug.
929 3831 1009 3887 Vind
1038 3837 1112 3888 1716.
1136 3838 1163 3892 8.

136 3902 180 3958 Lt
196 3909 278 3957 tarn
293 3900 433 3955 Rittium.
451 3897 515 3965 hist.
539 3909 567 3952 et
588 3898 651 3952 crit.
667 3900 717 3952 des
735 3903 868 3954 Auteurs
890 3900 926 3952 de
944 3899 973 3952 iu
992 3898 1165 3973 Congre'ga.

135 3973 198 4026 tion
213 3971 250 4024 de
267 3970 297 4025 S.
314 3968 420 4034 Maur,
439 3969 514 4038 Hag.
531 3969 615 4024 Corn.
633 3974 707 4025 1726.
722 3973 739 4026 8
765 3969 872 4043 quibus
888 3969 1015 4038 adiungi
1031 3971 1163 4042 potioni:

134 4045 229 4096 813303
252 4039 286 4092 in
309 4038 448 4090 Bittiotlr.
472 4039 536 4089 crit.
556 4037 613 4101 IV,
638 4043 680 4094 52
739 4037 875 4090 Buuurus
901 4035 952 4107 isa
977 4076 983 4089 .
1010 4038 1052 4089 ud
1075 4037 1164 4094 theol.

137 4056 1167 4246 3031311313“331·,1313131113133
