2542 4724
377 278 473 355 'ti-r
496 300 539 361 r.
567 284 648 373 XV.
701 282 736 373 §.
765 274 850 355 tta.
1087 286 1164 365 769

51 466 110 541 'so'
121 464 409 561 interpretatos
426 458 505 537 elle
517 466 568 537 'rc
582 460 700 565 saepe
719 464 1160 563 erecta-maaberraffe,

60 560 410 663 quemadmodum
426 564 507 639 iani
523 578 650 653 antea,
662 586 790 662 quum
806 565 1032 643 dte-Petrum
1044 570 1162 649 tlreo·

52 666 172 767 logia
199 666 403 764 exegetica
426 660 681 754 sermo-erat,
702 666 1083 759 animadvertimus,
1112 698 1161 747 ea

62 776 201 841 temen·
228 788 391 864 quoque
418 764 486 867 lup
517 762 690 856 editant,
716 792 819 865 quae
840 768 955 843 abiis
973 787 1159 847 recteat-

41 892 144 967 ..que
167 868 320 961 utiliter
345 866 451 941 dicta
491 882 584 940 unt:
611 892 713 963 quae
729 894 839 943 nuuc
861 868 912 945 ad
926 870 1050 971 ipsam
1069 898 1161 949 ora-

53 968 252 1047 culorum
276 966 510 1043 divinorum
538 968 913 1069 interpretationem
938 996 1160 1073 verunque

61 1068 323 1159 senteutiam,
346 1094 460 1145 nunc
484 1066 536 1141 ad
561 1067 830 1181 discrepantes
855 1070 1071 1173 scripturas
1097 1074 1159 1149 di-

59 1168 320 1258 iudicandae,
342 1196 452 1244 nunc
477 1168 527 1243 ad
553 1168 811 1269 digrellroues
834 1170 1085 1271 dogmaticas
1111 1200 1158 1251 ac

55 1273 236 1359 morales
266 1272 482 1371 pertinent.
522 1277 716 1350 ,criticae
747 1272 996 1347 exercendae
1036 1277 1158 1352 etiam

54 1372 216 1473 ,aliquid
231 1373 371 1449 auxilii
387 1368 573 1449 afferunt
589 1371 629 1465 *)
642 1422 661 1467 ·.

55 1542 59 1551 =
130 1494 252 1574 ¹·'Nou
278 1501 306 1571 ii
329 1522 402 1572 uos
425 1500 574 1586 sumus,
601 1496 669 1598 qni
689 1502 751 1573 rel
767 1496 971 1575 dobtorum
988 1500 1051 1574 vel
1070 1527 1155 1579 coe-

60 1620 174 1677 tuum
198 1603 341 1674 iudicio
367 1620 404 1674 et
429 1598 658 1675 auctoritate
679 1627 753 1675 nos
778 1604 831 1675 ita
856 1606 934 1701 regi
951 1606 1155 1700 patiamur,

49 1724 106 1779 ut
120 1705 237 1789 nihil,
262 1702 332 1775 nisi
350 1704 455 1799 quod
472 1705 640 1801 ipsorum
659 1700 841 1801 suffragiis
860 1706 1155 1801 comprobatum

57 1806 124 1893 stt,
142 1808 199 1877 'ad
221 1806 416 1903 religionis
446 1804 685 1899 disciplinam
708 1806 893 1899 pertinere
917 1807 1151 1881 arbitremur.

57 1910 113 1985 At
136 1904 335 2003 saepillinte
366 1922 493 1977 tamen
517 1905 575 1975 illi
598 1904 718 1976 facem
744 1904 962 2000 praeferunt
986 1925 1024 1979 et
1051 1910 1154 1981 viam

56 2006 286 2093 monstrant,
315 2008 362 2077 ad
385 2018 551 2077 mentem
574 2003 706 2078 christi
723 2004 1089 2103 Apollolorumque,
1117 2030 1156 2081 et

58 2104 255 2183 doctrinae
278 2104 492 2179 christianae
515 2107 685 2177 indolem
711 2108 882 2177 universe
897 2107 1150 2181 iudicandam.

56 2218 105 2285 In
121 2210 206 2307 ipsis
223 2210 301 2281 illis
321 2211 387 2304 qui
406 2204 860 2303 temporarlpol'tolorum
879 2212 1053 2303 proxime
1067 2214 1154 2281 atti·

57 2332 218 2415 gerunt,
255 2312 440 2401 Clemente
462 2314 655 2392 Romano,
687 2313 845 2407 Igrtatiri
878 2312 1053 2403 aliisque,
1089 2310 1153 2387 etii

54 2418 101 2489 in
121 2415 242 2485 sacros
260 2412 376 2483 libros
401 2410 703 2506 interpretandos
720 2434 801 2479 uou
818 2412 871 2481 ita
889 2414 1013 2484 dedita
1041 2438 1153 2509 opera

53 2516 335 2599 incubuerunt,
370 2513 490 2583 multa
513 2528 640 2583 tamen
665 2531 890 2597 occurrunt,
924 2539 1038 2607 quae,
1074 2540 1152 2609 quo
1245 2560 1250 2571 ·

57 2616 166 2691 sensu
186 2617 247 2685 illa
275 2632 373 2686 aetas
391 2614 572 2711 plurimas
591 2618 625 2683 S.
644 2614 855 2707 Scripturae
874 2616 1058 2709 loquendi
1074 2614 1154 2688 for·

54 2728 145 2793 mas'
169 2716 414 2801 intellexerit,
446 2732 487 2807 et
508 2712 839 2811 'quemadmodum
873 2716 918 2785 de
942 2718 1151 2811 praecipuis

58 2821 254 2911 doctrinae
273 2818 456 2911 capitibus
477 2814 646 2899 senserit,
672 2815 783 2909 plane
799 2816 973 2911 probent.
1027 2826 1151 2891 Taceo

54 2922 135 2995 illis
165 2921 357 3015 propriam
385 2942 471 2988 cum
498 2918 733 3012 Scriptorum
754 2922 802 2987 N.
822 2924 873 2987 ·Τ.
901 2916 1066 2991 dictione
1091 2922 1153 2993 vel

54 3022 222 3095 maxime
238 3018 482 3113 comparandi
498 3017 679 3090 sermonis
693 3016 886 3099 indolem3
914 3022 1053 3092 omitto
1064 3018 1154 3094 isto·

54 3148 145 3197 rum
163 3140 377 3217 temporum
396 3120 693 3213 hominumque,
721 3118 858 3212 quibus
876 3118 1059 3192 sacrilibri
1075 3125 1151 3218 pri·

55 3248 168 3299 mum
194 3220 362 3293 deliiuati
393 3218 498 3304 sunt,
530 3218 757 3315 opiniones,
794 3220 1084 3317 uniuersumque
1116 3244 1154 3299 et

55 3324 253 3427 cogitandi
269 3342 304 3393 et
320 3322 472 3392 vivendi
488 3322 669 3423 modpm,
696 3340 808 3413 quem
828 3348 960 3393 eorum
980 3346 1152 3401 auctores

55 3426 203 3521 saepius
236 3426 491 3517 respexerunt,
529 3444 575 3493 ex
598 3422 713 3493 liuius
738 3424 867 3493 aetatis
897 3426 1150 3519 scriptoribus

55 3529 251 3627 perspicue
265 3523 565 3623 intelligendum.
619 3524 828 3595 Luculenta
846 3525 1018 3619 iupriruis
1036 3548 1072 3599 et
1087 3556 1151 3603 co·

54 3630 175 3727 plol'a,
193 3630 239 3697 ad
257 3642 394 3697 rectam
413 3624 630 3697 divinorum
646 3624 833 3697 librorum
847 3624 1148 3725 intelligentiam,

54 3782 291 3801 ψ

92 3860 120 3925 ·)
145 3856 184 3909 ct
209 3856 248 3911 lo.
267 3854 333 3909 Sar.
352 3850 456 3909 Varrrr
484 3848 561 3921 Otff.
579 3852 622 3905 ad
645 3844 738 3921 usum
757 3846 814 3905 ΡΡ.
831 3866 965 3923 graecor.
989 3850 1022 3910 in
1043 3858 1154 3919 Crr'tr'rn

127 3924 166 3979 Ν.
190 3926 221 3979 Τ.
240 3920 458 3992 pertinentium
477 3922 647 3993 ‹i'prrr'leffi
676 3922 718 3973 ΙΙ.
754 3920 891 3993 liegiom.
912 3928 985 3981 tart.
1003 3932 1028 3983 8.
1052 3934 1081 3991 (8
1093 3938 1153 4003 3¹¹.)

128 3994 150 4047 l.
170 3992 200 4047 F.
219 3992 404 4049 Scaurorum
429 3990 478 4047 Pr.
501 3990 545 4045 Ob
570 3990 578 4043 ’.
604 3992 782 4045 nonnullar.
807 3990 844 4043 de
861 3990 920 4047 PP.
936 4011 1070 4063 grassor.
1097 4018 1152 4053 rm.

127 4062 264 4117 ctoritate
289 4070 317 4115 et
344 4058 403 4131 usu
429 4058 461 4113 r'n
478 4076 533 4113 ron
548 4058 687 4114 tituendae
706 4054 890 4127 Vedionum
906 4078 1041 4133 grassor.
1060 4070 1096 4125 V.
1119 4068 1153 4129 Τ,

128 4132 253 4187 lectione
268 4146 406 4201 genusne
422 4128 457 4187 Ρ.
477 4128 504 4185 Ι.
539 4128 567 4185 1.
604 4128 704 4189 vitet.
723 4134 801 4187 mli·
822 4130 864 4185 st.
881 4136 907 4185 4.

790 4204 843 4275 49
