2542 4724
117 295 196 377 5³4
355 242 381 355 ’ἱ
465 224 708 376 orem.
760 293 884 386 §.92

119 483 338 586 praemisso,
365 484 562 571 videmue;
592 483 721 558 minus
746 499 872 556 nutem
891 476 1136 580 propositum
1160 481 1220 556 su·

113 588 365 685 ¹saeptumque
389 585 585 660 confilium
609 585 835 681 exsequutus
859 582 917 657 est„
934 583 970 674 *)
1021 583 1108 657 Alia
1134 583 1221 657 scri·

31 726 33 731 ·
121 707 188 788 pta
212 691 381 789 quodam
406 687 526 761 modo
551 684 599 761 ad
621 688 753 763 locum
775 688 879 759 hunc
899 683 1031 758 referri
1046 682 1220 782 poil'uut,

121 790 318 888 inquibus
339 791 446 863 sunt:
828 800 831 805 '

94 898 112 934 ²
226 896 332 965 Oru.
363 890 632 962 Euonrnrsn
666 887 889 987 confutatio
925 878 1147 986 Sophifiiees
1184 903 1222 961 et

117 984 393 1093 ,Quaestionum
409 985 634 1091 curiosarum
648 1015 695 1061 ea:
713 993 878 1089 Origine,
902 992 1110 1088 cypriano,
1135 989 1220 1061 Na-

123 1099 320 1180 zianzeno,
347 1088 512 1192 cyrillo,
542 1082 822 1191 chrysostomo,
849 1094 1098 1190 Hieronymo,
1126 1094 1221 1165 Arn-

102 1185 523 1372 .}egc{st0,4Angnstino,
546 1184 777 1291 Athonafio,
804 1195 1020 1279 Lactantio,
1047 1188 1220 1281 Selested.

43 1482 47 1491 Ι
225 1402 307 1470 Iac.
331 1401 510 1470 Minthe
536 1402 768 1469 (inermen
798 1386 976 1496 synopsis
1007 1391 1221 1495 theologiae

123 1513 291 1585 veterum
304 1498 475 1584 Patrnm,
495 1500 547 1569 od
560 1512 721 1571 mentem
734 1494 951 1568 venerabilis
967 1492 1114 1598 Iosephi
1129 1500 1220 1568 Cor·

125 1601 262 1674 dinalis
283 1590 444 1694 Tomafii
453 1653 464 1686 ,
491 1625 587 1695 qnae
603 1613 788 1671 tractatus
794 1590 963 1697 saniores
966 1588 1221 1699 seltolnsticos‚

125 1698 218 1802 fidei
243 1702 430 1799 dogmata
443 1694 670 1801 sacramque
700 1689 891 1794 historiam
921 1703 1090 1791 criticam
1105 1698 1222 1789 icom-

114 1803 312 1901 .plectitnr,
335 1802 514 1873 Panormi
532 1803 641 1875 1732.
659 1799 730 1873 fol.
766 1800 983 1883 Cardinalis,
1001 1795 1073 1901 IoJ.
1089 1804 1222 1875 Mario

61 1896 65 1901 ¹
133 1893 326 2001 Tomastm
348 1902 514 1974 ediderat
527 1902 741 1975 breviorem
755 1901 921 1973 indicem
936 1898 1223 1977 institutionum

126 2003 430 2102 theologicarum
446 2020 619 2075 veterum
637 2009 802 2088 Petrum,
828 2006 940 2074 Rom.
960 2004 1071 2075 1701.
1091 2003 1221 2075 denuo

126 2104 307 2179 Panormi
332 2105 440 2178 1723.
468 2104 579 2179 1731.
606 2105 642 2178 8.
679 2129 721 2176 ac
751 2105 897 2201 regulas
930 2101 1222 2200 praescripserat,

129 2226 225 2301 quas
249 2204 351 2299 sequi
380 2205 599 2293 debeamus,
634 2202 819 2299 fiscripta
843 2211 996 2276 Patrum
1020 2205 1223 2301 prudenter

125 2324 241 2402 atque
258 2307 400 2378 utiliter
414 2307 536 2403 legere
554 2307 728 2389 velimus,
753 2305 872 2378 libros
889 2306 1127 2394 Tertulliani,
1154 2312 1224 2400 cy·

128 2406 271 2504 priani,
298 2405 439 2492 Basrlii,
466 2407 638 2505 Gregorii
655 2408 856 2491 Nazianz.,
889 2407 1116 2503 Epiphanii,
1148 2411 1224 2480 Au·

129 2506 287 2607 gustini,
329 2508 517 2580 Vincentii
543 2508 689 2592 Lerin.,
732 2507 981 2593 Theodoreti,
1026 2508 1223 2593 Gennadii,

129 2609 340 2707 Fulgentii,
367 2607 517 2694 Isidori,
544 2607 698 2680 Ioannis
715 2608 946 2679 Damasceni.
984 2609 1224 2685 Provinciam

129 2707 256 2806 postea
277 2709 458 2780 Gravinae
474 2709 596 2796 dedit,
623 2734 718 2804 quae
734 2715 858 2780 Patres
882 2709 923 2780 in
947 2710 1052 2781 libris
1080 2709 1157 2783 luis
1182 2710 1224 2781 de

116 2811 245 2883 ¹rebus
265 2806 355 2882 fidei
376 2808 582 2895 habebant,
609 2834 650 2882 ea
668 2810 891 2907 colligendi,
917 2809 957 2880 in
976 2811 1153 2883 ordinem
1172 2836 1224 2883 re·

133 2910 287 3009 digendi
311 2935 352 2981 ae
379 2910 556 3005 synopsin
589 2910 805 3006 theologiae
829 2916 983 2982 Patrum
1008 2910 1223 2995 exhibendi,

131 3011 240 3103 quod
264 3036 361 3107 opus
387 3011 545 3113 suscepit
569 3035 610 3081 ac
624 3011 789 3105 primam
813 3012 892 3084 eius
912 3030 1071 3106 partem,
1096 3012 1223 3085 edidit.

131 3117 192 3185 Ex
224 3110 404 3184 sententia
435 3112 511 3185 VV-
532 3116 619 3183 DD.
654 3111 749 3184 liber
784 3111 846 3184 hic
878 3137 960 3183 non
999 3137 1041 3184 ea
1078 3112 1225 3186 ratione

132 3212 290 3309 scriptus
315 3211 384 3299 est,
425 3210 539 3308 quain
562 3234 648 3284 vera
673 3236 716 3284 ac
742 3210 838 3285 bene
875 3210 1050 3310 disposita
1073 3220 1224 3289 Petrum

134 3314 329 3415 theologia
345 3314 512 3411 requirit
529 3312 590 3406 **)

232 3446 292 3512 Io.
326 3447 456 3512 curn.
491 3443 806 3513 Hrnrrnrnen
843 3439 1053 3542 Theologia
1086 3445 1225 3541 primo·

131 3568 218 3615 rum
235 3532 526 3634 Christianorum
546 3542 786 3639 dogmatico,
814 3567 861 3614 ex
882 3548 1132 3615 monumentis
1153 3548 1225 3617 Pa·

134 3657 235 3715 trum
261 3632 505 3740 ecclefiasticis
537 3644 713 3730 collecta,
745 3644 904 3716 Brunsu.
936 3644 1047 3719 1746.
1079 3642 1120 3720 4.
1183 3648 1226 3717 Iu

135 3808 345 3828 *ιι-..ι-

168 3898 198 3968 *)
221 3898 360 3981 Phratou
382 3896 524 3953 Bibliolh.
547 3916 647 3970 graec.
676 3900 828 3977 editgvet.
854 3898 943 3965 11111,
966 3904 1027 3960 749.
1068 3902 1229 3961 Nrcnornt

155 4050 163 4065 κ
202 3956 547 4110 ἕιέιινεῦἶὲὶῖἷξδ
566 3970 642 4023 Acta
659 3967 817 4028 Erudtlor.
847 3986 874 4028 a.
903 3977 978 4029 1710.
1003 3989 1034 4042 Ρ.
1059 3975 1122 4033 δὸἁ
1156 3979 1227 4031 1711.

168 4130 211 4197 ··)
227 4132 301 4187 rose
318 4127 439 4189 ernau
457 4146 482 4189 ι.
503 4133 579 4193 ins.
596 4148 626 4207 p.
644 4136 705 4194 sse.
