2542 4724
328 376 332 391 ,
426 298 574 377 Car.
607 287 831 388 xstitit.
1087 287 1178 374 573
1224 386 1229 403 Ι

81 509 327 596 pugnaverat.
379 494 436 562 Ita
452 486 648 584 impulsus,
676 486 797 561 dictos
812 487 933 562 libros
950 482 1179 583 composuit.

80 604 143 671 De
170 614 344 690 tempore
371 590 485 688 ipsius
513 589 726 685 scriptionis
754 608 926 663 auctores
959 590 1180 688 discrepant.
1263 664 1265 669 ,

82 697 203 772 Libro
227 695 316 768 1.11
342 700 402 765 Vl.
421 711 458 765 et
480 697 558 765 VII.
588 689 752 763 defenfio
780 689 1066 764 christianorum
1088 695 1183 790 dog·

83 816 232 872 matum
256 796 493 879 continetur,
520 793 672 886 reliquis
697 810 823 864 autem
848 792 1029 865 refutatio
1055 798 1181 869 cultus

83 898 382 973 simulacrorum.
432 903 523 967 Non
540 894 642 967 vitiis
661 918 781 965 carere
799 919 896 989 opus
913 892 1001 981 hoc,
1028 894 1113 968 satis
1132 893 1182 969 est

83 1019 246 1073 notum:
261 1004 453 1095 Dogmata
470 996 652 1091 quaedam
665 995 779 1065 tradit
796 996 920 1067 minus
930 1014 1050 1079 recte3
1077 994 1183 1069 absti·
1209 992 1212 1001 ¹

84 1120 153 1174 net
178 1100 214 1172 sc
236 1097 356 1170 ferme
382 1098 570 1169 sacrorum
597 1098 829 1191 Scriptorum
855 1095 1076 1169 testimoniis
1084 1124 1097 1183 3
1125 1124 1183 1171 ar·

87 1220 287 1301 gumenta,
314 1198 453 1293 quibus
479 1200 526 1269 ad
548 1198 789 1293 probandum
816 1199 954 1281 utitur,
982 1223 1061 1270 non
1091 1201 1183 1273 sem-

83 1328 154 1401 per
178 1301 265 1374 sunt
289 1300 416 1382 sirma3
438 1326 508 1371 nec
533 1300 680 1370 dicendi
702 1322 820 1395 genus
845 1294 984 1370 castum
1000 1302 1113 1395 plane
1134 1298 1187 1375 est

86 1422 201 1499 atque
230 1404 389 1497 elegans.
441 1401 513 1473 Sed
547 1400 614 1471 ubi
644 1402 836 1471 rationem
867 1402 1070 1495 temporis,
1104 1427 1184 1498 quo
1230 1434 1233 1439 ·

87 1504 185 1577 vixit
212 1522 250 1577 ct
272 1503 391 1574 libros
416 1503 488 1574 hos
513 1503 747 1597 composuit,
774 1502 982 1597 expendere
1008 1504 1185 1592 velimus,

87 1604 199 1679 facile
221 1605 487 1701 intelligemus,
516 1629 603 1675 eum
626 1628 708 1674 non
731 1603 1092 1697 reprehendendum,
1119 1605 1184 1677 sed

89 1706 363 1789 excusandum,
397 1705 477 1775 imo
508 1704 557 1776 ob
581 1705 839 1800 eloquentiam
868 1723 980 1799 atque
1003 1706 1185 1779 eruditio·

89 1833 200 1895 nem,
231 1808 273 1878 in
299 1832 410 1901 opere
435 1805 508 1877 hoc
534 1806 620 1878 satis
648 1805 909 1900 conspicuam,
951 1808 1186 1881 laudandum

90 1908 172 1985 effe.
224 1905 389 1981 Exclusit
412 1908 513 1977 eninr
536 1909 640 1978 hunc
653 1907 796 2006 ingenii
814 1906 956 1994 fetum,
987 1933 1104 2005 quum
1121 1910 1189 1983 vix

90 2012 134 2085 in
150 2010 515 2083 Catechumenorum
533 2009 705 2080 ordinem
724 2009 929 2103 adscriptus
950 2010 1045 2083 ellet.
1063 2014 1101 2100 *)

195 2117 433 2184 Laerta-ru
456 2100 732 2205 Institutionum
750 2111 963 2181 divinarum
983 2112 1204 2201 Libb.V11,-

93 2238 261 2313 quorum
274 2215 397 2307 primo
416 2210 566 2283 defalta
584 2211 767 2309 religione
784 2229 914 2283 contra
931 2232 1080 2311 gentes,
1107 2217 1187 2289 veri

91 2314 435 2417 numinigignaras,
459 2339 580 2383 unum
599 2310 665 2383 elle
680 2316 805 2383 Deum
830 2337 990 2408 eumque
1008 2314 1188 2391 omnibus

92 2418 205 2493 rebus
225 2414 432 2511 providere,
460 2414 615 2509 probam
631 2405 795 2512 secundo
814 2414 859 2484 de
878 2415 1024 2509 origine
1040 2419 1189 2505 erroris,

41 2554 44 2563 ·
94 2534 294 2615 oppugnat
310 2515 587 2598 idololatriarn;
611 2518 719 2584 tertio
739 2515 784 2585 tle
799 2514 889 2587 falsa
898 2516 1088 2613 sapientia,
1105 2520 1191 2614 phi-

93 2619 311 2714 losophiam
343 2616 514 2715 gentium
546 2616 753 2713 redarguit;
790 2630 925 2712 quarto
954 2619 999 2689 de
1022 2644 1107 2691 vera
1132 2616 1190 2692 sa·

94 2719 251 2821 pientia,
268 2718 480 2789 doctrinam
497 2712 728 2789 christianam
747 2717 905 2813 exponit
920 2720 1191 2809 acconsirmat3

81 2808 227 2921 'quinto
251 2820 328 2919 agit
356 2819 400 2890 de
423 2814 560 2890 iustitia
582 2817 788 2889 secundum
811 2820 934 2917 legem
959 2820 1125 2895 divinam
1147 2848 1192 2897 ac

94 2920 278 3023 profanae
302 2920 424 3019 gentis
445 2916 643 3019 iniusti-tim
668 2912 779 3018 ficeto
806 2920 963 2993 devoro
989 2923 1061 2993 Dei
1086 2926 1195 3001 cultu

98 3051 143 3100 ac
148 3018 311 3127 septimo
331 3021 467 3092 devita
485 3021 591 3091 beata
608 3038 646 3093 et
662 3022 877 3093 animorum
894 3021 1194 3101 immortalitate.

99 3134 206 3225 Quae
222 3125 262 3195 in
281 3124 387 3195 libris
404 3120 461 3193 his
476 3113 754 3210 Institutionum
773 3122 925 3195 uberius
941 3112 1076 3196 tradita
1094 3126 1197 3213 sunt,

97 3252 143 3303 ca
167 3227 208 3299 in
224 3228 398 3319 Epitome
420 3224 572 3294 illarum
595 3221 745 3294 breuius
770 3223 965 3296 habentur.
1019 3228 1199 3305 Probavit

98 3326 321 3403 Lactantius
351 3350 433 3395 non
460 3325 580 3395 solum
607 3322 789 3422 insignem
823 3326 1099 3420 eloquentiam,
1133 3330 1198 3403 sed

100 3429 216 3503 etiam
242 3428 431 3525 ogregiam
450 3421 615 3496 studium
637 3426 862 3521 religionem,
880 3422 1113 3503 christianam
1134 3431 1197 3503 de·

96 3528 291 3607 fendendi.
345 3527 446 3597 adili
460 3524 615 3621 possunt
630 3526 771 3620 reliqua
789 3526 868 3597 eius
886 3527 1037 3625 scripta,
1063 3531 1199 3607 itidem

96 3634 289 3730 eleganter
321 3647 431 3722 atque
453 3627 597 3698 utiliter
617 3625 844 3721 composita,
880 3630 937 3699 uti
963 3626 1011 3701 est
1034 3630 1128 3703 liber
1152 3634 1200 3707 do

103 3726 265 3835 opificio
294 3729 469 3813 hominis,
497 3751 573 3822 quo
599 3730 783 3823 praeclare
815 3723 994 3814 ostendit,
1020 3756 1130 3826 quam
1153 3735 1200 3805 il-

98 3830 216 3910 lustre
234 3830 434 3915 bonitatis,
463 3830 663 3926 sapientiae
676 3830 944 3929 potentiaeque
962 3831 1110 3937 divinae
1129 3835 1201 3907 do·

100 4002 312 4023 unu-¹¹¹¹·—

136 4078 165 4143 *)
190 4074 222 4129 Ρ.
240 4074 277 4132 K.
296 4070 405 4128 Merra
432 4070 468 4123 cle
493 4067 612 4126 ratione
638 4077 668 4125 tt
691 4077 876 4142 argumento
899 4070 1087 4144 Apologetr'ct'
1099 4075 1200 4131 Arno.

171 4142 264 4200 binni.
282 4142 395 4209 ‚stain
416 4144 490 4201 1815·
515 4144 541 4197 8·
