2542 4724
124 274 206 360 644
299 278 305 293 “
447 272 706 349 etnim.
758 203 910 365 §.tte
981 358 990 372 ,

129 466 321 566 baptismo
340 458 383 538 'ao
399 460 552 559 reliquis
567 458 779 558 praecipuis
797 453 1000 539 doctrinae
1010 463 1230 544 christianae

131 569 317 667 capitibus
343 564 523 649 disseruit,
551 562 778 655 Symbolum
800 562 982 644 Ecclesiae
1003 570 1233 673 Hierqsoly·

131 675 298 747 mitanae
328 666 409 739 fuse
432 666 601 763 explicat.
660 668 808 734 Praeter
840 689 921 751 eas,
959 666 1137 742 eiusdem
1163 679 1231 745 Cr·

135 788 256 846 atum
282 769 330 840 ad
343 791 424 852 ,nos
451 762 677 837 transmissae
696 764 782 834 sunt
801 762 1013 865 catecheses
1034 762 1230 871 mystago-

136 878 245 972 gicoe
261 873 418 965 quinque
439 870 514 959 πρὸς
537 867 612 944 τοὺς
628 868 884 950 νεοφωτὶστους,
913 871 964 937 od
982 893 1067 955 cot,
1099 879 1162 968 qui
1178 898 1227 944 re·

136 999 220 1046 cens
266 985 332 1043 urst
356 967 557 1064 baptizoti,
584 968 650 1037 ubi
670 968 868 1061 praecipue
895 967 940 1039 de
963 973 1166 1066 Baptismo
1190 1000 1227 1047 as

122 1083 173 1149 ¹S.
194 1066 320 1145 Coena
340 1071 417 1167 agit
435 1088 548 1164 atque
565 1064 687 1139 officia
704 1068 885 1153 recenset,
913 1065 1009 1165 quae
1028 1097 1049 1142 a
1068 1074 1226 1170 baptiza·

136 1160 498 1269 tisstntpraellanda.
550 1170 680 1241 Fidem
698 1173 1225 1273 atqueauctor‘itatemharum

140 1273 389 1349 Catecheseon
406 1269 611 1368 infringere
630 1294 672 1339 ac
686 1269 929 1355 labefactare,
956 1278 1141 1347 nonnulli
1153 1300 1224 1347 non
1267 1302 1269 1347 :

141 1376 381 1456 dubitarunt,
407 1373 460 1442 ita
478 1388 521 1441 ut
537 1372 679 1465 priores
696 1372 905 1443 Catecheses
923 1374 1036 1467 plane
1056 1376 1225 1449 adulteri·

139 1502 229 1561 nas,
255 1470 478 1571 posteriores
494 1489 620 1542 autem
637 1471 765 1544 saltem
781 1472 1050 1568 interpolatas,
1073 1480 1137 1549 vel
1153 1503 1225 1551 cor·
1267 1462 1269 1505 ⁵

82 1566 91 1571 ³
139 1595 272 1672 ruptas
296 1572 382 1658 elle,
408 1573 489 1645 aliis
512 1572 730 1667 persuadere
758 1574 1028 1646 anniterentur.
1084 1584 1144 1650 Ex
1162 1604 1225 1655 no·

64 1760 70 1772 ¹
141 1677 314 1753 stratibus
348 1690 480 1745 contra
514 1675 597 1744 illas
633 1672 890 1768 disputarunt:
933 1680 993 1747 Io.
1025 1683 1100 1751 Gn.
1124 1686 1226 1753 Doa-

145 1801 300 1853 scuaus
319 1776 360 1846 in
368 1775 451 1845 clem
468 1771 939 1873 acttazzteltvionsscrupet
953 1801 989 1871 p.
1001 1777 1104 1866 144„
1125 1799 1161 1854 et
1174 1787 1224 1853 Io.

142 1881 467 1953 Hiiusuutannus
484 1877 525 1945 in
539 1877 622 1946 dem
634 1828 914 1977 Caliaetinifchen
927 1877 1028 1949 Gewt
1058 1907 1226 1953 errswumt

143 2006 182 2078 p.
200 1978 286 2053 960.
337 1977 514 2072 Inprimis
538 1975 763 2048 reformatae
782 1976 961 2051 Ecclesiae
981 1985 1172 2056 Doctores
1190 2006 1225 2054 ao

121 2080 351 2176 ‚Scriptores
377 2095 508 2150 contra
534 2102 593 2150 eas
618 2082 860 2176 pugnarunt,‘
882 2106 928 2151 ex
953 2082 1097 2173 quibus
1112 2085 1224 2157 notui·

142 2181 242 2257 nasse
251 2178 430 2251 sufficiat:
458 2180 809 2252 Annn.R1vururu
823 2182 944 2252 Critic.
958 2175 1056 2280 socr.
1077 2186 1223 2257 Lib.lIl.

32 2278 35 2285 ’
146 2291 233 2378 Cap.
252 2274 283 2355 8
302 2282 436 2364 et10.;
471 2286 585 2353 Eum.
613 2282 905 2353 narranaam
932 2282 978 2353 de
1001 2276 1224 2381 Eucharistio

145 2412 184 2482 p.
201 2382 309 2464 4224
336 2385 436 2453 lios.
456 2387 605 2452 Cocum
622 2381 663 2450 in
690 2376 859 2477 Censura
874 2386 1055 2478 Scriptor.
1081 2414 1119 2484 p.
1137 2388 1224 2471 23115

59 2526 65 2539 ·
145 2495 205 2560 Io.
226 2489 276 2555 H.
302 2488 629 2552 Horrmonnum
653 2482 694 2553 in
717 2482 879 2553 Elencszo
893 2477 1130 2583 scriptorum
1145 2480 1225 2585 sup·

145 2578 393 2685 pofitorump.
407 2584 488 2666 78.;
507 2588 695 2654 etcnsm.
707 2587 915 2654 Ounnsuru
929 2586 1226 2663 caementatur

145 2690 325 2779 Scriptor.
352 2677 470 2781 eccles
495 2687 527 2768 Ι,
545 2683 630 2756 1159.
683 2689 741 2754 De
763 2686 915 2778 reliquis
934 2690 1117 2763 tacemus.
1166 2688 1225 2763 ted

146 2789 234 2863 satis
259 2787 368 2857 firma
392 2783 478 2854 sunt
502 2802 740 2882 argumenta,
770 2787 905 2878 quibus
929 2789 1142 2882 probatur,
1167 2798 1226 2885 Cy·

145 2891 275 2963 rillum
298 2908 386 2958 vere
404 2902 595 2956 auctorem
610 2882 943 2957 esseCatecheseon.
999 2893 1225 2967 Confirmant

13 3043 21 3057 «
146 2992 223 3063 hoc
245 2989 343 3057 inter
366 3004 508 3057 veteres
534 2986 738 3081 Scriptores
757 2992 1073 3079 Halaesum,
1102 3002 1225 3068 Tmo·

146 3111 344 3163 nonanus
371 3105 482 3180 atque
504 3087 567 3156 alii
585 3083 805 3158 testimoniis
825 3089 908 3160 suis.
962 3091 1225 3167 Adscribuntur

149 3187 359 3262 Catecheses
383 3189 452 3258 hae
469 3187 610 3278 Cyrillo
630 3189 670 3257 ln
691 3189 854 3283 antiquis
873 3191 1079 3268 Codicibus
1097 3196 1224 3293 msptit,

148 3291 215 3387 qui
231 3290 422 3361 servantur
438 3288 478 3357 in
495 3288 757 3376 Bibliothecis,
785 3290 921 3385 quibus
941 3292 994 3364 usi
1012 3295 1105 3371 sunt
1121 3298 1224 3371 edito·

146 3417 218 3463 res.
269 3396 348 3461 Nec
381 3386 528 3460 difficile
552 3385 621 3476 est,
666 3389 714 3459 ad
747 3411 968 3489 argumenta
1000 3397 1223 3494 respondete.

148 3491 286 3591 quibus
313 3490 509 3561 adversarii
535 3508 666 3561 contra
696 3493 907 3566 catecheses
937 3493 1002 3567 has
1032 3520 1223 3595 earumque

146 3595 332 3686 populiense
346 3606 528 3688 pugnant.
581 3598 728 3663 Praeter
745 3592 858 3679 alios,
886 3593 1222 3673 satisfeceruntillis

148 3719 192 3766 ac
211 3692 422 3764 Catecheses
447 3693 512 3763 has
530 3691 797 3765 defenderunt:
828 3701 1014 3770 Nrrrms
1043 3705 1224 3775 Atuxsx·

99 3790 110 3809 ‘
146 3820 237 3868 nun
253 3784 391 3887 Histor.
410 3787 528 3892 “deis
550 3798 627 3864 Sec.
639 3798 712 3866 IV.
732 3800 818 3890 Cap.
830 3793 864 3866 6.
883 3797 998 3869 Artic.
1016 3804 1075 3873 12.
1093 3829 1131 3899 p.
1147 3802 1222 3881 llll-t

148 3901 268 3966 Gutr..
287 3900 448 3967 Cave-,us
467 3885 606 3989 Histor.
628 3896 737 3966 litter.
755 3898 932 3991 Scriptor.
953 3898 1076 4001 ecclel.
1095 3910 1124 3990 1,
1140 3904 1221 3983 2le

147 3999 544 4065 Tuomslmtrsms
562 3994 734 4090 Praesit.
754 3997 805 4067 nd
815 3999 944 4095 Cyrilli
956 4002 1109 4097 Operm
1135 4008 1220 4077 Ast.

147 4098 381 4169 Aususrm.
418 4100 695 4186 Tourrtuus,
752 4103 1093 4181 Trucuuonmus
1131 4122 1222 4203 etque
