2542 4724
78 250 220 327 tos·
316 286 320 293 ¹
413 246 847 339 clamatio.

81 446 309 519 numius,
332 426 499 507 Paratus
518 442 842 518 Cantator-ocus,
877 440 966 506 Lao
984 426 1169 536 Magnus,

81 546 329 622 causamur,
359 542 600 609 Gaucourus
616 542 795 635 Magnus.

185 668 360 737 Oratores
394 661 481 733 sacri
510 662 677 758 primum
707 661 911 734 recitarunt
942 662 1172 751 conciones,

86 794 179 865 quae
193 760 432 849 liberioribus
450 763 682 835 sermonibus
699 759 927 850 constabant,
952 790 1048 861 quae
1066 785 1174 839 eraut

84 870 273 942 breviores
302 890 345 937 ac
378 866 556 961 pietatem
585 860 931 961 simplicitatemque
962 866 1172 962 spirabant3

84 965 208 1067 postea
227 986 372 1051 tamen,
408 966 570 1037 maxime
595 970 670 1037 Sco.
686 972 736 1037 IV
757 992 799 1037 ac
820 972 871 1052 V,
912 968 1175 1063 eloquentiam

85 1097 166 1143 non
190 1068 275 1141 latia
297 1066 549 1151 moderatam,
584 1065 645 1137 sed
670 1066 860 1163 turgidam
878 1093 919 1140 ac
945 1068 1174 1143 declamato-

85 1175 190 1256 riam,
207 1167 334 1243 sectati
350 1170 446 1240 sunt.
487 1168 688 1253 Vitiorum,
716 1194 810 1263 quae
827 1168 1014 1243 sermones
1035 1194 1173 1245 eorum

88 1272 413 1355 contaminabant,
447 1268 548 1341 varia
572 1286 674 1341 erant
700 1295 844 1368 genera.
895 1272 978 1341 Alia
1004 1270 1174 1368 spectant

88 1375 137 1445 ad
152 1398 209 1445 res
224 1372 338 1470 ipsas,
375 1371 579 1464 dequibus
607 1368 834 1443 differebant.
888 1373 1050 1467 Quando
1069 1376 1174 1447 enim

90 1476 135 1547 de
165 1472 394 1573 argumentis
427 1472 564 1545 divinia
593 1468 799 1567 sacrisque,
844 1496 939 1567 quae
966 1470 1175 1569 simplicem

86 1578 312 1674 planamque
330 1572 541 1646 orationem
561 1570 769 1670 postulant,
799 1574 838 1643 in
858 1574 994 1647 scholio
1009 1574 1175 1673 scriptis·

89 1703 162 1772 que
181 1677 436 1771 exponebant,
474 1676 595 1747 nimio
624 1676 711 1753 artis
736 1676 942 1747 rhetoricae
963 1672 1086 1749 studio
1111 1678 1174 1749 de·

90 1779 180 1862 diti,
207 1778 349 1850 crebras
369 1776 573 1848 verborum
591 1778 750 1875 figurat,
776 1777 922 1849 colores
942 1794 979 1848 et
999 1777 1072 1849 alia
1091 1804 1176 1851 ora·

87 1898 217 1952 torum
251 1895 468 1950 ornamenta
498 1878 748 1950 adhibuerunt
780 1902 821 1949 ac
849 1880 971 1950 multa
997 1878 1177 1953 dixentnt

87 1978 310 2075 ὖπερβολικῶς.
361 1976 573 2051 Monstrant
588 1979 627 2049 id
643 1978 890 2051 monumenta
908 1986 1178 2053 Cunreosro·

90 2080 218 2170 m1*),
244 2086 440 2165 Hrtanrr,
467 2082 686 2153 Aaronom
703 2100 814 2177 atque
829 2082 1004 2167 aliorum,
1028 2083 1071 2152 in
1089 2083 1176 2179 qui·

89 2185 159 2256 bus
178 2184 322 2255 multae
335 2183 519 2254 habentur
536 2182 782 2278 hyperbolae
825 2208 895 2254 nec
913 2181 991 2277 ipsc
1013 2188 1178 2257 Hucno·

89 2310 254 2369 namon,
288 2288 359 2379 Ep.
378 2288 411 2353 L
437 2284 489 2355 ad
509 2284 793 2355 Pammachium
815 2290 869 2367 H,
897 2284 1000 2368 135..
1039 2282 1176 2382 scripta

90 2387 238 2460 eiusab
266 2387 401 2455 artium
429 2383 639 2457 dialecticae
670 2410 713 2457 ac
742 2384 949 2457 rhetoricae
970 2386 1102 2481 peritis
1124 2390 1176 2459 le·

91 2490 211 2586 gendo
236 2485 322 2569 elle,
360 2482 567 2557 dillimulat.
628 2492 754 2583 Quum
786 2484 952 2559 coelestis
980 2486 1175 2561 doctrinae

91 2589 247 2661 caullam
262 2606 479 2681 perorarent
496 2606 606 2683 atque
623 2587 836 2660 adversariis
853 2585 1074 2674 resisterent,
1094 2614 1176 2662 ora·

90 2692 187 2761 toria
211 2684 411 2759 afferebant
435 2709 671 2788 argumenta,
706 2690 746 2761 in
776 2688 914 2784 quibus
941 2690 1000 2761 vis
1020 2690 1175 2785 quidem

90 2788 183 2863 inest
217 2790 265 2860 ad
299 2790 583 2863 delectationem
617 2792 913 2885 opinionemque
948 2787 1173 2877 faciendam,

90 2892 217 2963 minus
249 2914 337 2962 vero
371 2892 418 2962 ad
449 2894 594 2964 sinnam
627 2891 861 2985 solidamque
893 2890 1175 2988 probationem,

91 3018 205 3089 quam
227 2994 268 3061 in
292 3018 371 3064 rem
394 2998 562 3090 exempla
584 2992 763 3065 habemus
788 2992 888 3089 apud
905 3001 1177 3067 Taurunum·

90 3119 209 3177 uuur,
258 3100 528 3179 Cremauuur,
576 3098 811 3167 Miuucrum
836 3102 1050 3177 Faarcaur,
1097 3102 1176 3167 La·

92 3220 314 3279 calumum
343 3214 452 3290 atque
482 3198 586 3267 alios.
639 3200 734 3267 Nata
758 3220 803 3267 ex
827 3220 871 3267 eo
897 3192 946 3268 est
969 3195 1178 3279 obscuritas

87 3322 135 3397 ¹,ac
152 3294 365 3380 dilllcultas,
397 3324 438 3369 ea
461 3296 717 3395 intelligendi,
751 3324 845 3393 quae
870 3293 1013 3369 abistis
1040 3296 1179 3394 scripta

87 3398 188 3469 sunt.
241 3404 393 3468 Fatetur
408 3398 482 3469 hoo
498 3400 573 3493 ipse
587 3404 761 3469 Diouis.
780 3404 1006 3483 Petaurus,
1040 3402 1177 3471 Anim-

91 3490 242 3597 advetff
262 3502 312 3569 ad
320 3500 583 3594 Epiphaniam,
603 3494 751 3600 Iloercfi
762 3502 865 3569 LIX.
877 3504 1045 3571 Tom.ll.
1060 3502 1176 3597 Oper.

90 3624 127 3695 p.
152 3602 238 3671 244.
266 3606 500 3695 Quamquam
523 3604 641 3671 antra
658 3596 767 3700 sarrit,
794 3600 929 3695 inquit,
957 3626 980 3670 o
993 3594 1177 3700 sonctiffi-

93 3706 161 3771 mit
178 3680 370 3785 l'ntt·idrts,
402 3696 686 3799 praesertimque
709 3728 733 3773 α
761 3694 1016 3800 Chryfostomo
1042 3705 1077 3772 iu
1096 3708 1179 3777 Ho-

90 3870 299 3885 b————·—-—

126 3964 151 4027 a)
171 3962 237 4070 l'pl.
258 3960 594 4043 lo.l'1.lloaraurbt,r.tn
620 3962 692 4015 l'rh.
717 3962 744 4013 d.
770 3958 1058 4079 Bs'“lls‘l'”l⁵‘ll{.‘l·
1082 3958 1180 4029 (aar.

161 4027 1119 4171 tuzsa‘mttfa¹aftaa:,.f;m‚lf’'tt1a...‘asts‘
1151 4042 1182 4085 ‘⁰
