2542 4724
123 316 197 390 raa
444 253 594 393 cri.
629 320 707 389 vn.
756 312 793 403 c.
817 312 891 411 aa„

127 504 292 579 sentiunt
317 520 354 576 ct
379 505 453 577 alii.
494 504 553 576 .Si
578 522 702 575 tamen
728 520 964 600 reputamus,
1007 504 1217 601 antiquiori

128 627 299 705 tempore
331 602 450 679 studia
479 606 688 677 litterarum
713 605 928 678 ebraearum
954 608 1107 702 penitus
1121 606 1217 697 ,fere

128 710 297 820 neglecta
312 704 380 779 elle
397 732 440 778 ac
453 728 662 801 perpaucos
679 706 778 779 inter
795 703 1012 780 christianos
1026 712 1217 780 Doctores

130 806 315 891 exltitille,
349 809 413 904 qui
439 808 487 877 ad
508 804 572 879 ista
590 807 626 877 se
642 808 889 903 applicarent,
927 808 1125 907 Origenem
1151 834 1220 881 au·

129 930 208 983 tem
238 933 319 980 non
350 908 576 980 mediocrem
603 904 823 979 industriam
851 909 899 981 ad
921 910 987 981 ille
1010 906 1218 982 adhibuiffe

131 1011 283 1103 eiusque
322 1009 546 1085 documenta
589 1006 771 1104 reliquille
803 1034 886 1083 non
924 1010 1218 1095 contemnenda,

132 1108 287 1185 caullam
308 1111 467 1183 omnino
489 1110 694 1195 habemus,¹
720 1111 927 1209 Origenem
946 1111 996 1182 ob
1021 1111 1219 1185 scientiam

130 1214 282 1311 linguae
299 1211 449 1283 ebraeao
472 1210 651 1282 laudandi
673 1213 843 1307 hancque
867 1213 982 1308 ipsam
1005 1238 1065 1287 ma
1120 1214 1137 1285 i
1156 1238 1217 1285 ae·

131 1310 313 1386 llimandi.
366 1316 460 1385 Rem
482 1336 564 1384 non
587 1336 655 1407 per
678 1313 714 1385 se
738 1329 775 1384 et
794 1311 1029 1409 impliciter,
1062 1238 1217 1411 ffipro

133 1414 280 1499 aetatis,
321 1424 406 1510 'qua'
421 1412 569 1497 floruit,
610 1413 831 1486 conditione
862 1414 1071 1487 diiudicare.
1095 1414 1216 1487 ‹lecetl

131 1520 277 1588 Praeter
311 1514 530 1615 origenem,
586 1514 685 1586 iuter
715 1521 841 1588 Patres
885 1516 1026 1595 notitia
1060 1516 1218 1611 linguae

133 1617 282 1689 ebraeae
304 1612 523 1698 instructos,
553 1617 684 1688 locum
705 1613 773 1687 libi
793 1615 885 1688 fecit
904 1622 1218 1701 Hranoarnua,

38 1730 45 1747 ·
135 1719 181 1789 de
194 1718 300 1791 cuius
316 1716 539 1802 eruditione,
557 1716 769 1813 praesertim
786 1718 918 1815 peritia
933 1718 1087 1817 linguae
1100 1718 1220 1792 ebrai-

135 1845 217 1906 cac,
254 1819 487 1915 disputatum
512 1815 581 1902 est,
619 1819 737 1888 itaut
762 1837 920 1916 utraque
942 1844 1029 1917 para
1051 1820 1098 1892 de
1113 1839 1219 1892 recta

134 1922 193 1991 ria
211 1916 389 2001 deflexille
403 1916 582 1991 videatur.
601 1918 634 2009 *)
684 1926 727 1991 In
744 1920 930 1992 laudanda
953 1918 1018 1993 ista
1033 1924 1221 1995 nonnulli

133 2022 221 2095 saint
243 2020 354 2094 nimii
375 2044 527 2115 remque
551 2022 808 2119 exaggerando
834 2022 1092 2107 contendunt,
1128 2034 1221 2096 eum

134 2124 335 2197 maximam
357 2122 544 2196 lcientiam
564 2124 864 2219 disciplinarum,
891 2123 1028 2220 quibua
1050 2122 1220 2197 divinior

134 2227 271 2323 pariter
296 2250 339 2299 ac
360 2224 523 2297 humana
549 2224 718 2297 doctrina
745 2225 967 2309 absolvitur,
1002 2224 1243 2323 praesertim.

133 2327 342 2401 litterarum
358 2327 597 2411 ebraicarunr,
622 2326 868 2422 adsequatum
887 2324 964 2398 elle.
1014 2333 1218 2399 Pnomn

136 2430 297 2500 Gerania.
325 2430 370 2498 de
392 2432 560 2527 Ingratis
584 2428 785 2523 appellavit
809 2452 895 2500 eum
917 2430 1055 2499 Mundi
1083 2434 1223 2527 Mogi-

130 2521 246 2625 strum
266 2548 303 2601 et
325 2530 376 2600 ita
394 2526 440 2600 <le
456 2554 500 2600 eo
519 2528 671 2603 cecinit:

232 2644 379 2718 Ebraeo
392 2636 499 2739 fimul
516 2660 551 2716 et
572 2651 687 2719 Graio
707 2651 895 2745 latinoque
908 2640 1078 2747 venustus

234 2748 405 2840 Eloquio,
421 2770 567 2819 morum
583 2751 1005 2847 coceruplumMuudique
1019 2742 1220 2851 Magister.

211 2878 388 2945 Enasmo
405 2872 546 2960 iudice,
576 2877 616 2946 in
634 2868 746 2973 Epist.
766 2884 817 2962 V,
846 2878 923 2962 19,
950 2876 1027 2948 fuit
1042 2878 1222 2949 omnium

21 2994 26 3007 ’
137 2972 428 3049 Christianorum
450 2973 525 3047 fine
543 2970 790 3049 controversia
814 2981 930 3076 longe
952 3003 1040 3049 cum
1061 2974 1224 3051 doctillr·

136 3101 242 3162 mus,
268 3092 352 3148 tum
368 3072 647 3151 facundiffimus
668 3099 705 3150 et
722 3082 1009 3179 Theologorum
1033 3080 1221 3175 princeps.

138 3179 194 3251 Ob
220 3180 341 3249 multa
364 3198 631 3263 monumenta,
663 3203 759 3275 quae
783 3181 951 3275 reliquit,
984 3182 1115 3253 lours
1139 3184 1221 3251 Au-

136 3270 362 3376 relianenfis,
394 3278 476 3351 Lib.
492 3284 555 3350 111.
580 3281 624 3350 de
643 3282 753 3351 Cultu
769 3286 932 3380 Irrrogiu.
961 3302 1094 3356 contra
1109 3282 1220 3353 Clau·

138 3380 264 3465 dium,
297 3376 532 3453 Taurinenlis
556 3382 654 3454 Eccl.
679 3384 770 3477 Epis
789 3437 816 3466 .‚
860 3384 1157 3482 Ortlrodoxogra
1185 3382 1220 3453 lr.

135 3479 307 3579 p.1574.,
330 3480 480 3553 vocavit
496 3506 582 3553 eum
598 3480 865 3555 Bibliothecam
876 3486 1016 3554 Matris
1023 3484 1135 3555 Eccle
1149 3509 1219 3556 roe.

135 3582 312 3678 Inprimis
346 3586 400 3651 Io.
427 3586 752 3655 Maurrauaaus
781 3584 929 3657 suarum
961 3584 1129 3681 partium
1153 3584 1222 3657 elle

139 3680 368 3765 existimavit,
395 3700 439 3753 ut
454 3684 682 3777 Hieronymi
698 3686 949 3758 eruditionem
966 3686 1098 3757 multis
1118 3712 1222 3785 mag·

136 3784 270 3880 nisque
285 3780 460 3855 laudibus
479 3780 621 3856 efferret
644 3803 681 3857 et
704 3812 724 3857 a
748 3784 896 3860 smistris
911 3790 1128 3859 Arctorum
1145 3786 1223 3859 len-

137 3887 266 3961 teutiis
288 3883 503 3956 vindicaret.
556 3887 633 3957 Alii
649 3886 874 3980 Hieronymi
891 3887 1147 3962 eruditionem
1167 3888 1223 3958 ui·

134 4068 344 4097 ··v·-···=···-

170 4176 199 4236 'J
218 4173 286 4232 vat
302 4170 489 4233 Euerrrrorr
506 4176 711 4249 Hieromus
725 4179 870 4251 interpres
884 4186 937 4234 etc.
955 4196 983 4251 p·
998 4184 1043 4237 97.
