2542 4724
55 240 165 357 ⁷300
277 268 281 283 '
418 244 840 371 cicuitu.

84 464 165 539 illis
180 445 311 566 patei,
345 460 493 563 triplici
517 458 750 561 praesertim
773 463 931 536 ratione
954 464 1181 561 corruptio·

86 590 184 641 nem
199 560 291 639 fieri
307 558 416 664 poffe
439 563 507 635 vel
531 560 718 636 addendo
743 580 860 659 utque
878 563 1178 663 interpolando,

87 666 155 741 vel
173 662 397 752 demendo,
424 663 491 739 vel
505 661 700 735 mutando
711 688 722 751 ;
756 664 799 738 id
817 664 928 761 quod
945 680 1075 737 tumen
1095 688 1181 737 ma-

87 768 194 841 xime
215 764 266 839 de
285 788 331 837 ea
350 762 635 863 depravatione
654 762 964 864 intelligendum
980 763 1047 854 est,
1074 789 1180 861 quac

84 892 213 969 pravo
230 863 395 940 coufiiio
412 864 460 937 ab
478 862 564 937 aliis
580 860 805 963 suscipitur,

491 1120 496 1131 ,
560 1072 595 1159 t·
634 1066 694 1143 50.

171 1237 464 1353 Corruptiones
481 1232 649 1310 Patrum'
661 1238 741 1311 iam
758 1238 976 1334 antiquion'
992 1255 1177 1343 tempore

86 1338 135 1413 ab
155 1338 377 1413 Haereucis
404 1334 526 1411 factas
553 1333 649 1426 effe,
681 1364 744 1411 res
771 1338 860 1412 sutis
892 1339 946 1411 est
968 1340 1180 1416 manifesta

84 1438 384 1535 monstrantque
412 1437 456 1510 id
484 1436 889 1538 testimouiupuriter
918 1466 963 1514 ac
992 1443 1178 1540 exempla

116 1538 305 1641 erspicue.
355 1543 436 1612 Eos
455 1538 590 1637 postea
608 1538 793 1709 Episcopi
815 1544 933 1615 Rom.
960 1534 1176 1617 sectatores

84 1568 351 1739 icquutiiutit‚
372 1665 416 1712 uc
435 1638 595 1735 quaudo
613 1641 640 1712 il
658 1642 673 1713 i
690 1642 732 1713 iu
749 1641 860 1715 libris
877 1647 1038 1715 Putruni
1056 1669 1102 1715 ea
1119 1645 1177 1715 le-

86 1750 253 1841 geruut,
282 1766 383 1837 quae
407 1739 604 1815 Ecclefiae
628 1744 747 1814 Rom.
776 1741 1028 1840 dogmatibus
1055 1735 1176 1839 aitque

73 1842 273 1933 ⁴institutis
294 1839 494 1915 adversari
511 1854 716 1940 putarunt,
744 1843 830 1915 vim
849 1858 965 1938 atque
982 1844 1176 1917 iniuriam

83 1940 340 2117 iiiissiuferre
366 1967 411 2016 ac
438 1942 528 2016 loca
554 1942 793 2036 huiusmodi
819 1942 1059 2045 depravare,
1101 1942 1177 2019 fibi

84 2046 169 2119 suut
187 2059 317 2118 erunt.
914 2046 919 2059 ¹

185 2189 250 2254 De·
259 2180 536 2277 antiquioribus
553 2184 758 2252 Haereticis
777 2182 925 2253 abunde
947 2208 987 2253 ac
1002 2184 1173 2255 luculen-

85 2281 715 2365 tertestanturTzurutu.tu115‚
751 2288 978 2368 cosmus,
1006 2291 1174 2355 liiuuo·

34 2393 43 2409 '
84 2390 557 2470 uiuus,Aucusr1uus‚
585 2390 788 2469 Ruriuus,
812 2392 1175 2475 Viucituuuos'ch

64 2481 230 2588 'rinenszs
258 2505 368 2581 utque
395 2485 478 2567 alii,
522 2488 610 2557 ilios
642 2492 794 2557 Patroni
820 2490 936 2559 libros
964 2488 1174 2582 doptavuii'o

84 2592 205 2687 deque
219 2588 374 2683 perfidia
393 2588 460 2657 bac
477 2590 642 2687 multum
659 2606 877 2682 queruntur.
936 2590 1173 2685 singularem

84 2716 238 2787 operam
258 2689 304 2758 ad
320 2706 581 2787 argumentum
608 2690 683 2759 hoc
700 2691 974 2782 explanandum
1000 2692 1174 2763 adhibuit

82 2798 247 2864 nmo.
273 2794 461 2861 Gnnuou
488 2791 527 2859 iu
549 2790 647 2860 libro
674 2790 719 2860 de
739 2789 934 2861 Veteribus
951 2794 1172 2875 Iluereticis,

82 2881 399 2993 eccleſsusticorum
427 2892 604 2971 Codicum
631 2891 923 2985 corruptoribus,
959 2899 1038 2963 Par.
1060 2894 1171 2967 17¹3.

82 2996 139 3079 8.,
168 3017 245 3089 quo
266 2988 425 3065 ostendit
442 2991 629 3086 primum,
657 3011 798 3063 veteres
815 2995 1031 3064 Haereticos
1049 2992 1173 3069 sacro-

81 3120 169 3168 rum
189 3092 373 3165 Codicum
394 3089 565 3164 'exiiitiiie
588 3112 847 3187 corruptorem
884 3095 1017 3165 deiude
1041 3112 1173 3169 autem

5 3234 10 3247 =
83 3194 327 3291 comprobat,
361 3218 442 3265 nou
468 3218 585 3289 pauca
611 3192 841 3267 ecclesiastica
871 3197 1002 3289 scriptu
1033 3196 1078 3265 ab
1107 3198 1174 3267 iis·

84 3298 171 3369 dem
190 3294 393 3369 Haereticis
416 3294 619 3366 adulterata
635 3292 740 3367 fuitte
754 3297 965 3391 horumque
983 3296 1175 3370 malitioso

82 3394 222 3482 studia,
257 3402 409 3468 Patrum
428 3415 676 3468 monumenta
695 3398 982 3494 corrumpendi,
1017 3398 1061 3466 ab
1081 3396 1175 3493 ipsiu

82 3496 251 3570 vetitum
276 3494 568 3569 Christianorum
594 3499 823 3572 Ductoribus
848 3498 1062 3594 reprehensa
1088 3497 1172 3573 effe.

80 3606 203 3673 Natus
227 3595 276 3673 eit
300 3598 394 3670 liber
416 3598 478 3670 hic
506 3624 552 3671 ex
573 3599 659 3683 lite,
697 3623 792 3695 quae
817 3609 1053 3673 chuouto
1080 3610 1175 3675 cuiit

16 3696 23 3708 ’
82 3706 180 3774 Pur.
198 3708 462 3773 Coumurio
481 3698 565 3771 fuit.
618 3707 743 3797 Quum
761 3705 860 3773 enim
877 3704 939 3772 ille
957 3707 1011 3772 Io.
1029 3703 1176 3773 Mobil-

82 3803 192 3875 ionio
214 3820 326 3896 atque
342 3799 442 3884 aliis,
477 3802 577 3896 quia
599 3802 765 3897 partibus
781 3806 858 3874 eius
875 3800 1016 3874 stabunt
1038 3822 1176 3874 aucto·

80 3902 304 3997 ritatemque
327 3926 369 3972 ac
392 3902 503 3972 sidem
527 3903 710 3973 Codicum
733 3903 1001 3985 defendebant,
1036 3904 1174 3976 arn-iter

83 4006 118 4074 se
145 4021 353 4098 opponeret
382 4004 522 4097 hucque
548 4002 737 4074 occasione
762 4003 974 4086 affirmaret,
1010 4005 1173 4077 Codices

83 4106 269 4201 quosdam
290 4102 433 4199 tnsptoc
459 4104 695 4177 Corbcicuies
720 4130 798 4177 nou
827 4110 934 4179 omui
956 4107 1174 4201 suspicione
