2542 4724
354 300 390 377 C
416 321 443 370 Α
469 322 506 372 r.
533 302 632 376 XIV.
685 300 719 390 §.
748 294 835 373 134.
1076 304 1155 383 713

63 488 172 589 Oper.
197 488 284 561 ¹edit.
309 494 490 561 Banozrr
518 484 626 558 dicite
664 489 853 557 Dominus
876 478 1015 585 noster,
1054 498 1156 569 errius

60 606 263 693 praecepto
299 604 335 661 et
369 592 514 660 monita
545 582 737 685 observare
764 586 947 676 debemus,
981 589 1156 693 Episcopi

61 694 240 765 honorem
268 704 305 763 et
338 682 524 789 Ecclesiae
547 682 643 787 suae
672 693 855 759 rationem
880 685 1090 792 disponens,
1115 702 1153 769 in

60 795 273 891 Evangelio
290 794 452 887 loquitur
470 803 507 861 et
523 791 611 859 dicit
626 792 762 859 Petro:
791 792 897 889 Ego
925 792 1013 864 tibi
1035 798 1060 865 d
1069 802 1081 867 i
1088 822 1151 885 σο,

60 898 174 991 tyrcio
200 908 248 962 tn
270 915 314 963 es
339 898 528 973 Petrus,
559 908 667 961 ceter.¹
694 892 787 961 Inde
804 918 871 986 pet·
891 907 1100 989 ternpornnt
1116 914 1155 969 et

48 986 315 1097 Jucceffionurn
330 998 424 1063 vices
438 986 704 1091 Episcoporurn
721 992 906 1065 ordinatio
924 1010 959 1064 et
972 991 1154 1098 Eeciefioe

61 1100 163 1167 ratio
183 1096 354 1179 decurrit,
373 1108 414 1166 ut
432 1087 593 1191 Ecclesia
624 1118 714 1187 uper
736 1083 941 1188 Episcopos
958 1092 1155 1193 constitua·

64 1212 128 1267 tur
152 1210 189 1265 et
214 1200 333 1266 onuris
359 1208 462 1265 nectis
478 1194 586 1263 Eccie
600 1218 659 1263 coe
678 1218 745 1288 per
760 1196 906 1283 eosdem
920 1196 1155 1299 Proepcfitos

60 1296 299 1401 gubernetur.
355 1300 404 1366 Et
429 1302 500 1389 Ep.
519 1292 579 1368 55.
604 1295 695 1365 haec
717 1296 848 1366 habet:
890 1296 1154 1375 Sacerdotibus

60 1404 183 1471 honor
208 1412 336 1467 tantus
362 1397 406 1468 de
427 1400 501 1467 Dei
517 1396 736 1493 dignatione
755 1398 977 1481 conceditur,
998 1414 1039 1469 ut
1056 1408 1153 1495 quis·
1190 1398 1197 1423 ¹

61 1504 144 1591 quis
176 1499 371 1569 Sacerdoti
393 1502 467 1567 eius
493 1510 530 1567 et
554 1498 604 1566 ad
627 1510 770 1592 temptes
795 1497 853 1569 hic
875 1500 1052 1571 iudicanti
1079 1528 1155 1575 non

60 1599 346 1695 obtemperaret,
371 1591 505 1694 statim
534 1614 737 1669 necaretur.
792 1604 873 1693 Qua
897 1600 1063 1687 veritate,
1088 1620 1155 1677 aut

59 1702 192 1775 saltem
219 1724 293 1795 qna
318 1698 640 1771 verifimilitudine
657 1705 689 1770 S.
703 1702 912 1794 Cyprianus
929 1702 1048 1795 lipisc.
1066 1711 1155 1777 Car·

58 1804 165 1899 theg.
195 1821 328 1872 auctor
352 1800 540 1870 adseratur
566 1800 759 1872 doetrinae
787 1802 831 1870 de
857 1806 965 1871 unico
990 1806 1072 1878 Chr.
1096 1832 1156 1878 re·

59 1890 208 2001 ligione
224 1926 267 1974 ao
283 1892 441 1999 Ecelrfia
451 1894 626 1999 salrfico
644 1898 856 1995 disquifivit
880 1910 1152 1981 Fnocrooaoa

59 2010 236 2077 annan
253 2001 533 2084 Diliertatione‚
555 2026 650 2095 qnae
666 2002 808 2095 prodiit
825 2002 1021 2075 Ersordiae
1039 2009 1152 2081 1792.

58 2104 113 2189 4.,
140 2128 286 2199 (luraque
310 2104 345 2173 se
370 2104 540 2197 inprimis
574 2102 736 2195 opponit
763 2102 950 2173 sacrorum
977 2132 1156 2180 romano-

63 2206 340 2279 catholicorum
357 2204 530 2273 Curatori
545 2203 584 2271 in
600 2200 732 2285 simlia,
756 2204 824 2296 qui·
835 2204 972 2274 librum
990 2209 1156 2281 ediderat

61 2308 91 2379 f.
110 2324 137 2377 t.
178 2306 311 2376 Weder
332 2306 392 2377 die
419 2295 549 2397 christi.
567 2304 752 2399 Religion,
777 2302 871 2373 nocie
895 2306 953 2373 die
979 2304 1156 2407 riirniscie·
1211 2354 1218 2365 -

63 2405 203 2479 cathol.
234 2404 369 2477 Iiirehe
398 2398 439 2499 ist¹
467 2406 526 2477 die
550 2397 965 2505 altrinseligruuebende‚
994 2408 1090 2481 Frcf.
1116 2428 1155 2485 et

62 2506 166 2605 Lips.
187 2510 296 2580 1791.
313 2508 349 2579 8.

169 2614 399 2694 Orator-mas,
424 2608 469 2680 de
487 2608 593 2680 cuius
616 2606 845 2679 orthodoxia
868 2609 1082 2705 antiquiore
1096 2638 1156 2687 aa.

63 2728 144 2783 tate
158 2712 277 2781 multa
295 2710 478 2805 disputata
495 2735 536 2781 ac
552 2706 635 2805 post
652 2710 799 2780 obitum
818 2710 896 2782 eius
912 2715 1013 2783 varia
1031 2715 1154 2787 diver-

63 2813 179 2907 saque
201 2812 339 2881 iudicia
363 2814 600 2909 promulgata
626 2808 722 2881 sunt.
773 2812 920 2882 Primus
944 2814 1157 2890 doctrinam

64 2914 171 2985 illius
203 2913 441 3005 impugnavit
464 2918 743 2995 Mr··,raoulos,
770 2913 863 3004 Tyri
889 2915 1027 3009 Epire..
1054 2918 1155 2991 libro

66 3014 116 3085 de
151 3008 435 3107 Reficrrectioue,
473 3014 579 3085 cuins
610 3012 818 3111 fragmenta
853 3014 955 3107 apud
976 3022 1156 3089 Erinna-

64 3140 185 3193 ΝΜ
200 3110 350 3211 Horres.
368 3118 513 3183 LXIV.
528 3132 563 3185 et
580 3114 783 3184 raanan
797 3117 886 3183 Cod.
900 3116 1154 3193 CCXXXW

68 3214 243 3289 exstant:
269 3216 360 3285 item
394 3216 725 3285 Commentatione
758 3214 803 3284 de
826 3212 1042 3318 l'ytironiffu
1068 3222 1156 3295 adv.

70 3320 282 3415 Origeueur,
316 3316 421 3387 cuius
458 3317 555 3385 nihil
589 3316 636 3383 ad
666 3338 739 3385 nos
769 3318 962 3409 pervenit3
987 3344 1068 3391 non
1095 3324 1159 3393 de-

65 3418 226 3491 fuerunt
248 3435 385 3500 autem,
412 3418 476 3512 qui
498 3442 567 3511 pro
593 3416 745 3513 Origine
763 3419 916 3511 eiusque
931 3418 1029 3491 fama
1048 3422 1159 3494 dimi·

68 3536 206 3591 carent.
259 3516 387 3589 Poliea
417 3517 676 3589 vehenrentior
708 3516 752 3587 do
779 3518 949 3589 doctrina
977 3524 1056 3595 eius
1084 3526 1159 3595 dis·

65 3621 219 3715 putatio
245 3616 410 3690 instituta
436 3616 504 3704 est,
533 3619 577 3688 ab
606 3642 651 3687 eo
675 3617 847 3711 inprimis
872 3637 1052 3717 tempore,
1078 3650 1157 3719 qno

67 3720 225 3793 lraerelis
243 3722 377 3791 Ariana
393 3739 499 3792 enata
518 3736 604 3789 erat.
657 3725 782 3813 Quum
797 3722 896 3791 enim
913 3724 1043 3794 Ariani
1055 3726 1157 3799 varia

68 3820 277 3913 exscriptis
297 3823 375 3893 eius
398 3824 618 3915 colligerent
637 3818 794 3911 suraeque
819 3820 957 3893 cauli-ta
974 3826 1158 3919 petillius

69 3923 335 3991 auctoritatem
358 3922 580 4017 praeiidium
606 3920 806 3991 conciliare
831 3924 981 4007 vellent,
1006 3924 1073 4019 ipii
1090 3932 1159 3997 Or·

67 4022 234 4091 thodoxi
258 4024 429 4119 Origanis
454 4023 665 4094 doctrinam
696 4046 916 4121 oppugnare
938 4044 1158 4119 coeperunt,

69 4122 311 4221 aequoniam
327 4126 392 4197 alii
411 4150 502 4199 eum
518 4122 788 4211 defendebant.
811 4124 858 4199 ab
876 4142 1035 4225 nunqua
1052 4146 1161 4227 parta
