2542 4724
10 222 15 229 ’
120 236 197 319 tac
298 334 300 339 ¹
454 238 869 327 carrucas.

115 428 296 526 inquirit:
332 427 439 497 tertio
458 444 692 523 paganorum
716 425 995 523 philosophiam
1018 430 1213 526 explodit:

123 546 259 628 quarto
277 528 435 623 exponit
445 528 491 607 de
504 523 646 597 Christo
657 528 920 623 speciatimque
931 531 977 601 de
989 528 1217 626 quaestione,

43 622 50 639 '
120 631 317 729 quomodo
346 629 440 699 duae
457 628 655 722 personae,
682 633 789 699 Pater
808 646 845 701 et
859 630 996 715 Filius,
1022 630 1095 705 fint
1113 659 1216 708 unus

31 724 34 729 ’
118 726 250 807 Deus?
280 733 408 827 quinto
432 729 479 800 de
502 725 658 813 iustitia,
688 728 782 823 quae
803 727 848 800 sit
867 733 967 826 apud
985 732 1087 817 soloe
1107 734 1222 807 Chri·'

118 832 277 916 stianos;
306 832 351 902 de
368 854 460 901 vero
478 830 646 901 numinis
664 831 774 902 cultu
791 850 920 902 contra
941 834 1096 905 eosdem
1124 862 1217 935 gen·

116 936 244 1007 tilium
262 930 532 1028 philosophos:
563 924 667 1026 sexto
688 956 730 1002 ac
747 925 905 1027 septimo
930 933 975 1005 de
996 936 1075 1007 vita
1090 936 1214 1010 beate.

70 1032 84 1057 ‘
117 1042 370 1134 Argumenta,
404 1056 498 1127 quae
525 1033 571 1101 ad
597 1056 676 1103 rem
699 1033 934 1126 probandam
959 1033 1100 1122 affert,
1126 1061 1213 1111 non

118 1138 262 1231 semper
292 1156 469 1231 magnam
491 1133 569 1203 vim
596 1133 844 1204 confirmandi
869 1160 957 1229 prae
981 1136 1016 1207 se
1049 1134 1215 1225 habent,

116 1238 182 1313 sed
204 1238 250 1308 iis
275 1234 378 1329 saepe
402 1231 532 1304 similia
556 1232 663 1318 sunt,
691 1234 827 1330 quibus
851 1254 1020 1308 oratores
1037 1256 1214 1312 utuntur.

116 1343 233 1413 Recte
259 1337 349 1407 dicit
372 1335 471 1406 Aea.
496 1330 738 1406 S'cun'rnrus
763 1336 920 1425 Meduli.
947 1336 1113 1439 theolog.
1131 1343 1212 1413 PP.

114 1442 223 1513 Part.
244 1444 277 1513 Ι.
310 1435 410 1507 Libr.
431 1440 487 1507 10.
519 1439 609 1530 cap.
631 1438 689 1507 11.
717 1436 859 1530 olm.
916 1442 1215 1541 {neoniam-plus

119 1564 255 1637 operae
271 1544 307 1609 in
321 1528 426 1635 jnlfis
444 1536 673 1631 refutandis,
703 1541 869 1630 quentin
885 1543 1054 1610 veriscon
1085 1566 1214 1613 rtrtau·

115 1644 172 1713 dis
195 1634 316 1740 posuit
338 1640 575 1721 Lactantiru,
610 1639 690 1707 ideo
716 1662 840 1732 pauca
852 1636 951 1739 fidei
974 1665 1020 1709 na
1037 1656 1119 1713 trae
1135 1669 1214 1715 ea·

106 1746 196 1839 pita
218 1742 324 1836 plene
341 1737 388 1809 ab
406 1764 448 1810 eo
468 1735 553 1837 fient
573 1729 756 1834 enpofitat
781 1741 959 1837 pleraque
976 1756 1126 1821 tantum
1146 1759 1211 1817 at-

113 1846 221 1943 tigit,
246 1843 409 1936 plurima
425 1865 498 1911 nou
520 1840 709 1910 intellexit.
742 1896 745 1903 .

214 1946 500 2026 Aucus‘rtuu's,
520 1942 585 2035 qui
600 1941 732 2012 itidem
749 1942 901 2014 nullum
919 1939 1082 2037 Systema
1098 1946 1210 2021 theo·

33 2092 36 2097 ·
110 2044 281 2144 logicum
308 2040 466 2136 scripfit,
509 2066 551 2112 ac
576 2043 747 2135 quamvis
779 2046 964 2116 nonnulla
995 2046 1207 2143 reliquerit,

111 2172 207 2244 quae
237 2144 341 2215 libris
375 2139 612 2235 systematicis
654 2146 933 2217 annumeranda
967 2144 1036 2219 esse
1079 2152 1209 2243 putari

109 2246 276 2345 pollent,
303 2247 378 2315 boc
393 2263 518 2315 tamen
534 2244 616 2315 inre
633 2242 734 2315 haud
753 2245 833 2317 fieri
850 2244 981 2342 potest.
1036 2252 1208 2345 Compo-

96 2346 186 2421 ¹suit
201 2347 438 2419 Encltiridiou
458 2346 508 2414 ad
524 2346 767 2416 Laurentium
789 2348 835 2418 tle
851 2349 953 2433 Fide,
979 2352 1055 2445 §pe
1075 2364 1112 2420 et
1131 2354 1207 2423 Ga·

110 2454 223 2521 ritate
249 2473 335 2519 cura
360 2447 435 2517 Ad.
460 2444 725 2544 Reebenbergii
750 2448 888 2519 iterum
910 2448 1076 2533 editum,
1101 2452 1206 2548 Lips.

109 2551 319 2632 1705.12.‚
347 2547 496 2618 brevior
522 2564 646 2617 autem
673 2565 821 2619 tantum
844 2548 988 2621 sumnia
1009 2551 1208 2625 doctrinae

108 2649 323 2724 christianae
341 2673 385 2719 eo
409 2647 604 2718 exhibetur
615 2647 667 2735 *).
727 2648 834 2719 Libri
860 2648 1026 2722 eiusdem
1052 2652 1098 2723 de
1119 2656 1207 2725 Do·

105 2757 226 2824 ctrina
244 2740 439 2844 eluistiaua
453 2773 533 2819 non
552 2748 598 2819 de
614 2749 874 2847 dogmatibus,
902 2749 962 2821 sed
981 2752 1026 2823 de
1044 2753 1204 2827 ratione

104 2854 333 2947 Scripturam
350 2856 383 2921 S.
401 2850 685 2944 interpretandi,
713 2852 946 2946 praecipiunt
963 2854 1115 2948 hocque
1130 2878 1206 2927 no·

98 2956 204 3029 mine
228 2953 362 3043 locum
388 2952 491 3020 hunc
516 2951 617 3020 haud
637 2949 807 3022 obtinere
825 2952 998 3046 possunt,
1034 2954 1074 3025 id
1093 2956 1207 3051 quod

102 3057 214 3128 etiam
233 3053 434 3123 dicendum
452 3048 501 3122 est
520 3051 724 3146 descriptis
743 3053 822 3125 eius
844 3055 1089 3126 catechetiois.
1130 3058 1207 3131 Sed

99 3175 226 3229 tamen
248 3154 377 3252 negari
391 3150 495 3223 ‘haud
512 3150 649 3247 potest,
676 3151 950 3251 Augustinum,
986 3180 1112 3251 quum
1137 3158 1206 3232 ille

95 3258 149 3341 *de
166 3257 275 3329 rebus
295 3256 432 3326 divinis
452 3252 637 3324 subtiliter
661 3253 864 3350 disputaret
888 3274 1001 3349 atque
1026 3282 1072 3327 ex
1096 3260 1206 3354 prin·

101 3360 208 3454 cipiis
232 3356 415 3428 formaret
440 3353 718 3439 conclusrones3
758 3358 810 3428 ite
845 3375 971 3428 autem
997 3354 1205 3448 systemati·

101 3484 183 3542 cam
216 3456 378 3529 docendi
414 3456 601 3528 rationem
632 3456 799 3552 quodam
825 3458 944 3530 modo
982 3457 1204 3549 sectaretur,

102 3616 306 3630 *ιι-

132 3703 159 3770 ’)
186 3698 249 3772 lpse
275 3700 457 3753 Aueutrnnu
482 3695 519 3774 riq
543 3696 601 3751 hoe
625 3696 705 3752 libro
731 3698 908 3774 Retroptott.
928 3696 971 3762 ll,
988 3700 1031 3755 63.
1067 3696 1204 3771 „Scripsi

168 3773 258 3823 ettam
287 3767 401 3821 librum
428 3767 464 3818 rle
483 3765 574 3843 lide,
600 3768 656 3833 Spe
683 3775 711 3820 et
738 3764 907 3824 (sturitate.
935 3785 1003 3819 cnm
1030 3782 1136 3828 eme,
1162 3770 1204 3823 ad

167 3855 255 3911 quem
276 3836 399 3907 scriptus
418 3830 465 3897 eli,
489 3836 662 3904 postulasset,
682 3846 714 3889 ut
732 3835 853 3907 aliquod
874 3836 1051 3908 opuseulum
1072 3837 1205 3893 liaberet

166 3924 268 3961 rnernn
288 3908 323 3957 de
342 3904 399 3957 suia
418 3904 556 3955 manibus
577 3922 635 3957 non
656 3904 851 3960 recessurum,
879 3907 956 3976 quod
977 3922 1067 3974 penus
1088 3906 1204 3961 Graeci

165 3974 364 4029 Encsririrlion
391 3980 504 4025 vocant.
542 3972 598 4025 Ubr
627 3973 692 4026 sutis
718 3976 877 4092 dilippttler
902 3973 979 4025 unsri
1008 3973 1117 4028 videor
1143 3974 1203 4029 esse

164 4064 229 4097 com
245 4042 354 4106 alexin,
380 4042 531 4113 quomodo
550 4038 581 4094 fil
608 4043 747 4096 colendus
805 4060 872 4104 eut,
899 4059 988 4114 quam
1017 4039 1201 4114 sapientiam

164 4115 219 4167 else
235 4063 368 4167 imminit
388 4112 491 4185 utique
509 4126 609 4165 veram
628 4112 731 4166 divine
748 4107 894 4183 scriptum
912 4106 1046 4167 definite·
1090 4131 1096 4143 ·
