2542 4724
41 376 49 405 Ι
117 276 195 352 'm
413 268 705 349 caum.
758 262 909 358 §.tls

126 478 260 569 gmata
280 457 413 562 prime
442 466 570 529 aetate
596 449 770 526 ciuitatis
803 447 1048 567 christianae
1083 452 1228 545 tradita,

125 564 264 743 postea
287 570 532 662 propagata,¹
548 550 743 629 consensu
758 554 995 627 Doctorum
1024 578 1076 629 ac
1094 558 1230 635 Conci·

145 670 294 749 iorum,
305 664 539 755 Martyrum
547 678 711 751 quoque
719 652 961 733 testimoniis
982 652 1229 751 confirmata,

129 782 271 843 contra
288 759 522 836 Haereticos
545 772 668 851 atque
681 754 782 829 alios
801 752 1061 831 aduersarios
1082 756 1230 835 sortiter

133 894 177 941 ac
194 864 366 939 feliciter
384 854 652 931 defensasmt.·
687 854 1231 945 ·Cunctahaec,utiillullrit

117 994 178 1054 ‚ac
208 962 418 1067 perspicua
455 958 669 1057 sapientiae
702 982 747 1030 ac
777 956 1045 1055 benignitatis
1082 960 1230 1035 divinae

134 1068 397 1147 documenta„
412 1058 640 1145 ostendunt,
656 1060 715 1131 ita
729 1058 816 1131 vini
834 1082 1003 1156 quoque
1018 1060 1179 1137 habent
1192 1060 1231 1135 ad

125 1170 289 1243 ‘animos
313 1160 473 1253 nostros¹
499 1157 820 1235 commovendos
847 1174 971 1257 atque
995 1162 1047 1237 in
1073 1165 1231 1239 veritae

125 1262 475 1345 confirmandos.-
544 1324 560 1331 ..
631 1316 634 1323 .

122 1516 129 1527 ·
235 1471 296 1543 Ad
319 1469 443 1565 :ipsam
468 1466 672 1539 doctrinae·
689 1460 903 1539 christianae
927 1464 1112 1543 formam
1143 1468 1233 1567 quod

134 1574 292 1657 attinet,
326 1572 432 1645 cuius
462 1568 608 1639 erudita
628 1588 677 1640 et·
699 1568 747 1639 ad
778 1567 923 1639 scholae
949 1570 1086 1667 legem
1121 1590 1233 1643 exam

132 1674 283 1745 scientia
309 1671 398 1741 artis
420 1671 661 1765 theologicae
683 1670 867 1741 summam
889 1669 1090 1756 absolvit;
1118 1692 1233 1745 utrum

134 1777 359 1871 Theologus
375 1770 564 1866 perfectus
584 1772 740 1853 dicatur,
768 1772 835 1864 qui
846 1772 1086 1847 communes
1105 1774 1233 1869 usuque

133 1894 299 1970 receptas
315 1872 501 1945 formulas
519 1874 667 1957 calleat,
683 1890 733 1942 .et
747 1874 794 1943 ad
809 1890 947 1942 certam
966 1874 1144 1969 aliquam
1157 1900 1232 1947 nor·

131 2004 235 2049 marn
257 1975 442 2047 subtiliter
465 1992 600 2045 tractet
610 1980 625 2059 ‚'
648 1998 728 2045 non
754 1973 906 2069 cognita
926 1978 1158 2049 earumdem
1173 1976 1231 2049 ori·

135 2082 241 2179 gine,
269 2103 312 2149 ac
329 2077 545 2171 disciplinae
562 2075 721 2146 veritate
736 2076 929 2167 modoque
947 2078 1150 2165 universo,
1174 2100 1230 2173 pro

134 2181 274 2252 diversa
292 2198 509 2273 temporum
524 2178 843 2273 ingeniorumque
857 2177 1047 2249 ratione?
1078 2188 1139 2251 An
1154 2202 1229 2251 vero

128 2284 181 2367 ia,
210 2282 276 2377 qui
294 2306 334 2351 ea
352 2281 464 2349 etiam
482 2280 609 2349 onniia
632 2297 669 2349 at
692 2279 854 2375 lingula,
881 2303 929 2348 ex
946 2282 1125 2376 antiquis
1142 2306 1230 2376 prae·

115 2386 240 2479 ¹cipue
265 2382 527 2453 monumentis
560 2380 841 2477 cognoscenda,
874 2400 1008 2452 mente
1036 2384 1227 2477 concipiat,

130 2505 169 2557 et
185 2488 226 2555 in
242 2483 422 2555 tradenda
445 2482 526 2553 aliis
549 2482 764 2579 theologiae
782 2481 933 2551 scientia
961 2478 1137 2557 studiose
1160 2510 1227 2579 per·

131 2583 334 2683 sequatur?
371 2585 494 2679 Quam
515 2584 666 2677 quidem
685 2584 918 2679 Theologiae
938 2584 1186 2681 dogmaticae
1199 2604 1226 2655 et

126 2686 323 2759 historicae
346 2684 635 2781 coniungendae
659 2686 867 2769 rationem,
895 2682 1032 2757 nostra
1052 2708 1224 2767 aetate,r

126 2791 291 2859 detulero
306 2787 479 2883 inprimis
499 2805 536 2857 et
551 2779 717 2882 Ernestio
735 2803 963 2868 revocatam,
994 2788 1049 2859 ad
1067 2812 1223 2863 veterum

127 2890 418 2985 Theologorum
439 2888 892 2985 exemplum-diligentius
909 2890 1044 2961 excoli
1068 2888 1220 2987 coepisse·

125 2989 301 3085 profecto
329 2987 397 3075 est,
425 2990 748 3087 quod-religionis
766 2988 872 3061 cause
887 2988 1141 3091 summopere
1156 3014 1219 3091 gra·

124 3093 303 3167 tulemur.
526 3106 530 3117 '
581 3118 584 3123 ·

156 3316 161 3323 '
218 3299 366 3367 Multae
382 3296 525 3377 adhuc,
551 3294 657 3390 quod
674 3293 784 3391 yalde
806 3291 1024 3369 dolendum
1042 3296 1113 3386 est,
1139 3320 1211 3371 con·

120 3396 322 3468 troversiae
349 3416 385 3467 et
408 3397 733 3480 concertationes,
758 3396 802 3468 de
821 3394 1051 3495 gravissimis
1077 3420 1210 3497 quoque

121 3499 324 3591 capitibus,
353 3496 579 3569 Christianos
595 3499 695 3568 inter
719 3497 753 3569 sa
770 3496 948 3568 dividunt
965 3518 1007 3571 et
1032 3502 1153 3575 scissos
1169 3518 1207 3571 te·

120 3618 234 3683 nent,
272 3600 317 3670 de
341 3600 477 3695 quibus
501 3623 582 3669 non
611 3622 695 3669 raro
722 3598 1018 3695 Theologorum
1044 3604 1205 3673 iudicium

120 3700 442 3794 interponendum
459 3697 518 3773 est.
572 3704 687 3783 Sunt,
715 3700 846 3793 quiid,
874 3702 982 3794 quod
1003 3704 1147 3775 saeculo
1164 3700 1202 3771 su·

118 3804 260 3894 periori
293 3796 501 3903 Boffitetus,
538 3796 842 3897 praestantissimo
877 3804 937 3871 vir
970 3806 1148 3904 ingenio,
1177 3818 1201 3869 et

120 3902 345 3973 acutissimus
373 3902 543 3973 defensor
568 3903 647 3973 eius
669 3894 886 3999 Bruepfiits,
914 3899 1066 3979 strenue
1091 3928 1125 3977 et
1150 3902 1199 3975 cal·

115 4002 193 4071 lide
227 4006 396 4076 credulae
428 4002 669 4075 multitudini
695 4002 913 4099 persuadere
947 4010 1080 4079 conati
1105 4020 1196 4077 erant

115 4102 293 4185 videlicet¹
328 4130 409 4178 non
442 4107 537 4177 adeo
568 4128 747 4203 magnam
782 4103 1007 4181 catholicos
1050 4112 1194 4181 intera
