<?xml version="1.0" encoding="UTF-8"?>
<!DOCTYPE html PUBLIC "-//W3C//DTD XHTML 1.0 Transitional//EN"
    "http://www.w3.org/TR/xhtml1/DTD/xhtml1-transitional.dtd">
<html xmlns="http://www.w3.org/1999/xhtml" xml:lang="en" lang="en">
 <head>
  <title>
</title>
<meta http-equiv="Content-Type" content="text/html;charset=utf-8" />
  <meta name='ocr-system' content='tesseract 3.04.00' />
  <meta name='ocr-capabilities' content='ocr_page ocr_carea ocr_par ocr_line ocrx_word'/>
</head>
<body>
  <div class='ocr_page' id='page_1' title='image "./iogeorgiiwalchi05walcgoog/iogeorgiiwalchi05walcgoog_0584.png"; bbox 0 0 2542 4724; ppageno 0'>
   <div class='ocr_carea' id='block_1_1' title="bbox 14 288 837 385">
    <p class='ocr_par' dir='ltr' id='par_1_1' title="bbox 14 288 837 385">
     <span class='ocr_line' id='line_1_1' title="bbox 14 288 837 385; baseline -0.015 -11"><span class='ocrx_word' id='word_1_1' title='bbox 14 338 18 345; x_wconf 92' lang='lat'>·</span> <span class='ocrx_word' id='word_1_2' title='bbox 80 292 159 385; x_wconf 79' lang='lat'>572</span> <span class='ocrx_word' id='word_1_3' title='bbox 442 296 585 365; x_wconf 75' lang='lat' dir='ltr'>Car.</span> <span class='ocrx_word' id='word_1_4' title='bbox 611 292 658 365; x_wconf 85' lang='lat' dir='ltr'>X.</span> <span class='ocrx_word' id='word_1_5' title='bbox 712 292 747 382; x_wconf 56' lang='grc' dir='ltr'>ᾗ.</span> <span class='ocrx_word' id='word_1_6' title='bbox 774 288 837 365; x_wconf 85' lang='grc'>98.</span> 
     </span>
    </p>
   </div>
   <div class='ocr_carea' id='block_1_2' title="bbox 84 458 1184 671">
    <p class='ocr_par' dir='ltr' id='par_1_2' title="bbox 84 458 1184 671">
     <span class='ocr_line' id='line_1_2' title="bbox 85 458 1184 581; baseline -0.005 -24"><span class='ocrx_word' id='word_1_7' title='bbox 85 458 200 581; x_wconf 82' lang='lat' dir='ltr'>periti</span> <span class='ocrx_word' id='word_1_8' title='bbox 208 481 309 555; x_wconf 85' lang='lat' dir='ltr'>sunt.¹</span> <span class='ocrx_word' id='word_1_9' title='bbox 360 478 542 554; x_wconf 82' lang='lat' dir='ltr'>Rationes</span> <span class='ocrx_word' id='word_1_10' title='bbox 558 477 696 574; x_wconf 83' lang='lat' dir='ltr'>quibus</span> <span class='ocrx_word' id='word_1_11' title='bbox 706 494 853 576; x_wconf 81' lang='lat' dir='ltr'>pugnat</span> <span class='ocrx_word' id='word_1_12' title='bbox 868 493 906 550; x_wconf 87' lang='lat' dir='ltr'>et</span> <span class='ocrx_word' id='word_1_13' title='bbox 914 477 1048 566; x_wconf 84' lang='lat' dir='ltr'>vineit,</span> <span class='ocrx_word' id='word_1_14' title='bbox 1065 500 1184 577; x_wconf 84' lang='lat' dir='ltr'>quan·</span> 
     </span>
     <span class='ocr_line' id='line_1_3' title="bbox 84 578 948 671; baseline -0.008 -14"><span class='ocrx_word' id='word_1_15' title='bbox 84 580 394 668; x_wconf 84' lang='lat' dir='ltr'>tumacuminis,</span> <span class='ocrx_word' id='word_1_16' title='bbox 422 598 571 652; x_wconf 90' lang='lat' dir='ltr'>tantum</span> <span class='ocrx_word' id='word_1_17' title='bbox 593 578 732 651; x_wconf 88' lang='lat' dir='ltr'>habent</span> <span class='ocrx_word' id='word_1_18' title='bbox 748 598 785 649; x_wconf 89' lang='lat' dir='ltr'>et</span> <span class='ocrx_word' id='word_1_19' title='bbox 804 578 948 671; x_wconf 76' lang='lat' dir='ltr'>salis.*)</span> 
     </span>
    </p>
   </div>
   <div class='ocr_carea' id='block_1_3' title="bbox 16 714 1190 3144">
    <p class='ocr_par' dir='ltr' id='par_1_3' title="bbox 19 714 1188 1219">
     <span class='ocr_line' id='line_1_4' title="bbox 190 714 1186 801; baseline 0 -10"><span class='ocrx_word' id='word_1_20' title='bbox 190 724 394 791; x_wconf 76' lang='lat' dir='ltr'>Granum</span> <span class='ocrx_word' id='word_1_21' title='bbox 421 714 503 787; x_wconf 87' lang='lat' dir='ltr'><strong>Lib.</strong></span> <span class='ocrx_word' id='word_1_22' title='bbox 538 714 584 785; x_wconf 87' lang='lat' dir='ltr'>de</span> <span class='ocrx_word' id='word_1_23' title='bbox 612 714 809 785; x_wconf 82' lang='lat' dir='ltr'>Idolorum</span> <span class='ocrx_word' id='word_1_24' title='bbox 839 718 1030 801; x_wconf 86' lang='lat' dir='ltr'>vanitate,</span> <span class='ocrx_word' id='word_1_25' title='bbox 1075 715 1186 791; x_wconf 87' lang='lat' dir='ltr'>cuius</span> 
     </span>
     <span class='ocr_line' id='line_1_5' title="bbox 86 816 1188 912; baseline -0.002 -18"><span class='ocrx_word' id='word_1_26' title='bbox 86 820 293 903; x_wconf 75' lang='lat' dir='ltr'>maximam</span> <span class='ocrx_word' id='word_1_27' title='bbox 319 836 464 912; x_wconf 88' lang='lat' dir='ltr'>partem</span> <span class='ocrx_word' id='word_1_28' title='bbox 489 842 534 888; x_wconf 83' lang='lat' dir='ltr'>ex</span> <span class='ocrx_word' id='word_1_29' title='bbox 550 816 785 886; x_wconf 85' lang='lat' dir='ltr'>Tertulliano</span> <span class='ocrx_word' id='word_1_30' title='bbox 812 840 854 887; x_wconf 87' lang='lat' dir='ltr'>ac</span> <span class='ocrx_word' id='word_1_31' title='bbox 870 816 1047 889; x_wconf 87' lang='lat' dir='ltr'>Minucio</span> <span class='ocrx_word' id='word_1_32' title='bbox 1063 819 1188 891; x_wconf 78' lang='lat' dir='ltr'><strong>Felice</strong></span> 
     </span>
     <span class='ocr_line' id='line_1_6' title="bbox 19 916 1188 1006; baseline -0.003 -11"><span class='ocrx_word' id='word_1_33' title='bbox 19 970 23 975; x_wconf 94' lang='lat'>-</span> <span class='ocrx_word' id='word_1_34' title='bbox 87 922 251 995; x_wconf 76' lang='lat' dir='ltr'>sumtam</span> <span class='ocrx_word' id='word_1_35' title='bbox 270 916 351 1006; x_wconf 83' lang='lat' dir='ltr'>elle,</span> <span class='ocrx_word' id='word_1_36' title='bbox 378 917 559 988; x_wconf 87' lang='lat' dir='ltr'>nonnulli</span> <span class='ocrx_word' id='word_1_37' title='bbox 570 917 885 987; x_wconf 72' lang='lat' dir='ltr'>animadvertunt„</span> <span class='ocrx_word' id='word_1_38' title='bbox 938 918 1188 994; x_wconf 88' lang='lat' dir='ltr'>Laudateum</span> 
     </span>
     <span class='ocr_line' id='line_1_7' title="bbox 87 1010 1188 1126; baseline -0.001 -29"><span class='ocrx_word' id='word_1_39' title='bbox 87 1022 381 1098; x_wconf 74' lang='lat' dir='ltr'>Hmnotcrmus</span> <span class='ocrx_word' id='word_1_40' title='bbox 409 1010 524 1114; x_wconf 82' lang='lat' dir='ltr'><em>Epist.</em></span> <span class='ocrx_word' id='word_1_41' title='bbox 549 1019 609 1090; x_wconf 81' lang='lat'>83.</span> <span class='ocrx_word' id='word_1_42' title='bbox 646 1019 696 1087; x_wconf 83' lang='lat' dir='ltr'>ad</span> <span class='ocrx_word' id='word_1_43' title='bbox 726 1019 922 1126; x_wconf 71' lang='lat' dir='ltr'>Magnum</span> <span class='ocrx_word' id='word_1_44' title='bbox 950 1020 1075 1093; x_wconf 84' lang='lat' dir='ltr'>verbis</span> <span class='ocrx_word' id='word_1_45' title='bbox 1108 1020 1188 1096; x_wconf 77' lang='lat' dir='ltr'>his:</span> 
     </span>
     <span class='ocr_line' id='line_1_8' title="bbox 90 1114 1187 1219; baseline 0.001 -27"><span class='ocrx_word' id='word_1_46' title='bbox 90 1124 321 1219; x_wconf 78' lang='lat' dir='ltr'><strong><em>Cyprianus,</em></strong></span> <span class='ocrx_word' id='word_1_47' title='bbox 349 1122 449 1217; x_wconf 82' lang='lat' dir='ltr'>quod</span> <span class='ocrx_word' id='word_1_48' title='bbox 469 1120 581 1189; x_wconf 81' lang='lat' dir='ltr'>Idola</span> <span class='ocrx_word' id='word_1_49' title='bbox 596 1122 664 1188; x_wconf 85' lang='lat' dir='ltr'>Dii</span> <span class='ocrx_word' id='word_1_50' title='bbox 685 1144 760 1190; x_wconf 92' lang='lat' dir='ltr'>non</span> <span class='ocrx_word' id='word_1_51' title='bbox 780 1114 871 1216; x_wconf 79' lang='lat' dir='ltr'>sint,</span> <span class='ocrx_word' id='word_1_52' title='bbox 899 1145 974 1214; x_wconf 83' lang='lat' dir='ltr'>qua</span> <span class='ocrx_word' id='word_1_53' title='bbox 992 1118 1187 1209; x_wconf 84' lang='lat' dir='ltr'>brevitate,</span> 
     </span>
    </p>

    <p class='ocr_par' dir='ltr' id='par_1_4' title="bbox 16 1214 1190 3144">
     <span class='ocr_line' id='line_1_9' title="bbox 75 1214 1189 1323; baseline -0.002 -25"><span class='ocrx_word' id='word_1_54' title='bbox 75 1250 167 1323; x_wconf 80' lang='lat' dir='ltr'>,qua</span> <span class='ocrx_word' id='word_1_55' title='bbox 184 1214 419 1316; x_wconf 78' lang='lat' dir='ltr'><em>historiarum</em></span> <span class='ocrx_word' id='word_1_56' title='bbox 434 1223 599 1291; x_wconf 88' lang='lat' dir='ltr'>omnium</span> <span class='ocrx_word' id='word_1_57' title='bbox 613 1214 790 1314; x_wconf 73' lang='lat' dir='ltr'>scientia,</span> <span class='ocrx_word' id='word_1_58' title='bbox 810 1245 969 1316; x_wconf 85' lang='lat' dir='ltr'>quorum</span> <span class='ocrx_word' id='word_1_59' title='bbox 986 1220 1189 1295; x_wconf 86' lang='lat' dir='ltr'>verborum</span> 
     </span>
     <span class='ocr_line' id='line_1_10' title="bbox 24 1312 1188 1425; baseline -0.003 -25"><span class='ocrx_word' id='word_1_60' title='bbox 24 1314 27 1323; x_wconf 45' lang='lat'><strong>¹</strong></span> <span class='ocrx_word' id='word_1_61' title='bbox 91 1338 132 1400; x_wconf 83' lang='lat' dir='ltr'>et</span> <span class='ocrx_word' id='word_1_62' title='bbox 149 1319 318 1425; x_wconf 85' lang='lat' dir='ltr'>sensuum</span> <span class='ocrx_word' id='word_1_63' title='bbox 335 1319 527 1419; x_wconf 79' lang='lat' dir='ltr'><em>splendore</em></span> <span class='ocrx_word' id='word_1_64' title='bbox 541 1312 782 1417; x_wconf 77' lang='lat' dir='ltr'>perstrinxit?</span> <span class='ocrx_word' id='word_1_65' title='bbox 815 1327 966 1417; x_wconf 85' lang='lat' dir='ltr'>Spectat</span> <span class='ocrx_word' id='word_1_66' title='bbox 980 1324 1058 1395; x_wconf 91' lang='lat' dir='ltr'>huc</span> <span class='ocrx_word' id='word_1_67' title='bbox 1073 1326 1188 1397; x_wconf 82' lang='lat' dir='ltr'>etiam</span> 
     </span>
     <span class='ocr_line' id='line_1_11' title="bbox 92 1423 1189 1520; baseline -0.005 -20"><span class='ocrx_word' id='word_1_68' title='bbox 92 1426 261 1501; x_wconf 85' lang='lat' dir='ltr'>eiusdem</span> <span class='ocrx_word' id='word_1_69' title='bbox 287 1430 490 1496; x_wconf 77' lang='lat' dir='ltr'>cremam</span> <span class='ocrx_word' id='word_1_70' title='bbox 515 1423 599 1492; x_wconf 91' lang='lat' dir='ltr'>Lib.</span> <span class='ocrx_word' id='word_1_71' title='bbox 628 1423 679 1492; x_wconf 79' lang='lat' dir='ltr'>ad</span> <span class='ocrx_word' id='word_1_72' title='bbox 701 1426 1009 1510; x_wconf 85' lang='lat' dir='ltr'>Demetrianum,</span> <span class='ocrx_word' id='word_1_73' title='bbox 1045 1448 1126 1520; x_wconf 92' lang='lat' dir='ltr'>quo</span> <span class='ocrx_word' id='word_1_74' title='bbox 1149 1424 1189 1496; x_wconf 84' lang='lat' dir='ltr'>id</span> 
     </span>
     <span class='ocr_line' id='line_1_12' title="bbox 92 1522 1187 1628; baseline -0.005 -25"><span class='ocrx_word' id='word_1_75' title='bbox 92 1529 190 1628; x_wconf 85' lang='lat' dir='ltr'>egit,</span> <span class='ocrx_word' id='word_1_76' title='bbox 225 1544 269 1596; x_wconf 93' lang='lat' dir='ltr'>ut</span> <span class='ocrx_word' id='word_1_77' title='bbox 296 1525 494 1622; x_wconf 84' lang='lat' dir='ltr'>gentilium</span> <span class='ocrx_word' id='word_1_78' title='bbox 522 1522 722 1595; x_wconf 88' lang='lat' dir='ltr'>hominum</span> <span class='ocrx_word' id='word_1_79' title='bbox 749 1525 955 1596; x_wconf 80' lang='lat' dir='ltr'>calumnias</span> <span class='ocrx_word' id='word_1_80' title='bbox 981 1527 1187 1621; x_wconf 86' lang='lat' dir='ltr'>repelleret,</span> 
     </span>
     <span class='ocr_line' id='line_1_13' title="bbox 16 1625 1188 1725; baseline 0 -25"><span class='ocrx_word' id='word_1_81' title='bbox 16 1634 21 1647; x_wconf 88' lang='lat'>&#39;</span> <span class='ocrx_word' id='word_1_82' title='bbox 93 1654 215 1725; x_wconf 87' lang='lat' dir='ltr'>quum</span> <span class='ocrx_word' id='word_1_83' title='bbox 245 1628 303 1697; x_wconf 91' lang='lat' dir='ltr'>illi</span> <span class='ocrx_word' id='word_1_84' title='bbox 329 1626 503 1697; x_wconf 89' lang='lat' dir='ltr'>omnium</span> <span class='ocrx_word' id='word_1_85' title='bbox 534 1625 811 1711; x_wconf 86' lang='lat' dir='ltr'>calamitatum,</span> <span class='ocrx_word' id='word_1_86' title='bbox 848 1626 984 1721; x_wconf 90' lang='lat' dir='ltr'>quibus</span> <span class='ocrx_word' id='word_1_87' title='bbox 1016 1644 1188 1723; x_wconf 86' lang='lat' dir='ltr'>tempore</span> 
     </span>
     <span class='ocr_line' id='line_1_14' title="bbox 89 1723 1189 1823; baseline -0.002 -20"><span class='ocrx_word' id='word_1_88' title='bbox 89 1728 162 1803; x_wconf 84' lang='lat' dir='ltr'>isto</span> <span class='ocrx_word' id='word_1_89' title='bbox 180 1728 382 1822; x_wconf 89' lang='lat' dir='ltr'>imperium</span> <span class='ocrx_word' id='word_1_90' title='bbox 397 1750 597 1797; x_wconf 88' lang='lat' dir='ltr'>romanum</span> <span class='ocrx_word' id='word_1_91' title='bbox 609 1723 848 1823; x_wconf 86' lang='lat' dir='ltr'>affligebatur,</span> <span class='ocrx_word' id='word_1_92' title='bbox 868 1726 1076 1799; x_wconf 84' lang='lat' dir='ltr'>caullamin</span> <span class='ocrx_word' id='word_1_93' title='bbox 1087 1728 1189 1801; x_wconf 86' lang='lat' dir='ltr'>Chri·</span> 
     </span>
     <span class='ocr_line' id='line_1_15' title="bbox 90 1818 1190 1905; baseline -0.003 -1"><span class='ocrx_word' id='word_1_94' title='bbox 90 1828 231 1905; x_wconf 83' lang='lat' dir='ltr'>stianos</span> <span class='ocrx_word' id='word_1_95' title='bbox 257 1826 511 1900; x_wconf 86' lang='lat' dir='ltr'>transferrent.</span> <span class='ocrx_word' id='word_1_96' title='bbox 564 1829 736 1899; x_wconf 89' lang='lat' dir='ltr'>Multum</span> <span class='ocrx_word' id='word_1_97' title='bbox 756 1834 1030 1902; x_wconf 76' lang='lat' dir='ltr'>Lacranrnrs</span> <span class='ocrx_word' id='word_1_98' title='bbox 1060 1818 1190 1901; x_wconf 82' lang='lat' dir='ltr'>laurlat</span> 
     </span>
     <span class='ocr_line' id='line_1_16' title="bbox 94 1922 1186 2027; baseline -0.001 -24"><span class='ocrx_word' id='word_1_99' title='bbox 94 1932 346 2027; x_wconf 74' lang='lat' dir='ltr'>cyprianum,</span> <span class='ocrx_word' id='word_1_100' title='bbox 383 1930 537 2025; x_wconf 87' lang='lat' dir='ltr'>quando</span> <span class='ocrx_word' id='word_1_101' title='bbox 562 1927 688 2000; x_wconf 85' lang='lat' dir='ltr'>scribit</span> <span class='ocrx_word' id='word_1_102' title='bbox 706 1922 866 2026; x_wconf 89' lang='lat' dir='ltr'>Institut.</span> <span class='ocrx_word' id='word_1_103' title='bbox 894 1931 1053 2002; x_wconf 82' lang='lat' dir='ltr'>divinar.</span> <span class='ocrx_word' id='word_1_104' title='bbox 1069 1936 1116 2017; x_wconf 90' lang='lat' dir='ltr'>V,</span> <span class='ocrx_word' id='word_1_105' title='bbox 1134 1932 1186 2003; x_wconf 90' lang='lat'>1.:</span> 
     </span>
     <span class='ocr_line' id='line_1_17' title="bbox 97 2021 1185 2129; baseline -0.004 -22"><span class='ocrx_word' id='word_1_106' title='bbox 97 2034 207 2107; x_wconf 89' lang='lat' dir='ltr'>Unus</span> <span class='ocrx_word' id='word_1_107' title='bbox 228 2034 345 2128; x_wconf 77' lang='lat' dir='ltr'>igit&#39;ur</span> <span class='ocrx_word' id='word_1_108' title='bbox 364 2034 586 2126; x_wconf 85' lang='lat' dir='ltr'>praecipuus</span> <span class='ocrx_word' id='word_1_109' title='bbox 605 2043 642 2099; x_wconf 87' lang='lat' dir='ltr'>et</span> <span class='ocrx_word' id='word_1_110' title='bbox 666 2029 788 2102; x_wconf 86' lang='lat' dir='ltr'>clarus</span> <span class='ocrx_word' id='word_1_111' title='bbox 805 2021 941 2127; x_wconf 80' lang='lat' dir='ltr'>exstitit</span> <span class='ocrx_word' id='word_1_112' title='bbox 962 2034 1185 2129; x_wconf 83' lang='lat' dir='ltr'>Cyprianus,</span> 
     </span>
     <span class='ocr_line' id='line_1_18' title="bbox 93 2123 1187 2231; baseline 0 -26"><span class='ocrx_word' id='word_1_113' title='bbox 93 2137 214 2231; x_wconf 85' lang='lat' dir='ltr'>quiet</span> <span class='ocrx_word' id='word_1_114' title='bbox 236 2158 421 2230; x_wconf 73' lang='lat' dir='ltr'>inagnum</span> <span class='ocrx_word' id='word_1_115' title='bbox 431 2123 505 2229; x_wconf 81' lang='lat' dir='ltr'>fibi</span> <span class='ocrx_word' id='word_1_116' title='bbox 521 2132 686 2230; x_wconf 82' lang='lat' dir='ltr'>gloriam</span> <span class='ocrx_word' id='word_1_117' title='bbox 710 2155 756 2201; x_wconf 82' lang='lat' dir='ltr'>eae</span> <span class='ocrx_word' id='word_1_118' title='bbox 777 2135 869 2202; x_wconf 88' lang='lat' dir='ltr'>artis</span> <span class='ocrx_word' id='word_1_119' title='bbox 891 2135 1085 2205; x_wconf 82' lang='lat' dir='ltr'>oratoriae</span> <span class='ocrx_word' id='word_1_120' title='bbox 1104 2157 1187 2230; x_wconf 85' lang='lat' dir='ltr'>pro·</span> 
     </span>
     <span class='ocr_line' id='line_1_19' title="bbox 88 2225 1188 2335; baseline 0 -30"><span class='ocrx_word' id='word_1_121' title='bbox 88 2226 247 2335; x_wconf 76' lang='lat' dir='ltr'>feffione</span> <span class='ocrx_word' id='word_1_122' title='bbox 272 2225 477 2331; x_wconf 84' lang='lat' dir='ltr'>quaefierat</span> <span class='ocrx_word' id='word_1_123' title='bbox 500 2247 537 2304; x_wconf 88' lang='lat' dir='ltr'>et</span> <span class='ocrx_word' id='word_1_124' title='bbox 554 2233 759 2303; x_wconf 81' lang='lat' dir='ltr'>admodum</span> <span class='ocrx_word' id='word_1_125' title='bbox 783 2234 904 2303; x_wconf 84' lang='lat' dir='ltr'>multa</span> <span class='ocrx_word' id='word_1_126' title='bbox 930 2226 1188 2333; x_wconf 70' lang='lat' dir='ltr'>conscripstin</span> 
     </span>
     <span class='ocr_line' id='line_1_20' title="bbox 85 2330 1187 2438; baseline 0 -32"><span class='ocrx_word' id='word_1_127' title='bbox 85 2330 160 2438; x_wconf 89' lang='lat' dir='ltr'>suo</span> <span class='ocrx_word' id='word_1_128' title='bbox 176 2360 310 2434; x_wconf 79' lang='lat' dir='ltr'>genere</span> <span class='ocrx_word' id='word_1_129' title='bbox 326 2335 512 2404; x_wconf 83' lang='lat' dir='ltr'>miranda.</span> <span class='ocrx_word' id='word_1_130' title='bbox 564 2338 662 2405; x_wconf 82' lang='lat' dir='ltr'>Erat</span> <span class='ocrx_word' id='word_1_131' title='bbox 685 2336 782 2403; x_wconf 84' lang='lat' dir='ltr'>enirn</span> <span class='ocrx_word' id='word_1_132' title='bbox 805 2337 953 2431; x_wconf 74' lang='lat' dir='ltr'>ingenio</span> <span class='ocrx_word' id='word_1_133' title='bbox 972 2336 1106 2431; x_wconf 74' lang='lat' dir='ltr'>sacili,</span> <span class='ocrx_word' id='word_1_134' title='bbox 1133 2358 1187 2407; x_wconf 88' lang='lat' dir='ltr'>co·</span> 
     </span>
     <span class='ocr_line' id='line_1_21' title="bbox 96 2427 1186 2536; baseline -0.001 -28"><span class='ocrx_word' id='word_1_135' title='bbox 96 2435 222 2536; x_wconf 85' lang='lat' dir='ltr'>pinso,</span> <span class='ocrx_word' id='word_1_136' title='bbox 252 2431 360 2533; x_wconf 86' lang='lat' dir='ltr'>suavi</span> <span class='ocrx_word' id='word_1_137' title='bbox 390 2449 426 2505; x_wconf 90' lang='lat' dir='ltr'>et</span> <span class='ocrx_word' id='word_1_138' title='bbox 459 2461 555 2530; x_wconf 84' lang='lat' dir='ltr'>quae</span> <span class='ocrx_word' id='word_1_139' title='bbox 575 2429 757 2535; x_wconf 84' lang='lat' dir='ltr'>sennorris</span> <span class='ocrx_word' id='word_1_140' title='bbox 786 2427 1038 2532; x_wconf 75' lang='lat' dir='ltr'>arraximaest</span> <span class='ocrx_word' id='word_1_141' title='bbox 1062 2440 1186 2520; x_wconf 85' lang='lat' dir='ltr'>virtus,</span> 
     </span>
     <span class='ocr_line' id='line_1_22' title="bbox 96 2530 1187 2636; baseline -0.004 -25"><span class='ocrx_word' id='word_1_142' title='bbox 96 2553 252 2634; x_wconf 85' lang='lat' dir='ltr'>aperto,</span> <span class='ocrx_word' id='word_1_143' title='bbox 280 2552 322 2607; x_wconf 88' lang='lat' dir='ltr'>ut</span> <span class='ocrx_word' id='word_1_144' title='bbox 337 2530 534 2636; x_wconf 81' lang='lat' dir='ltr'>discernere</span> <span class='ocrx_word' id='word_1_145' title='bbox 555 2560 751 2631; x_wconf 80' lang='lat' dir='ltr'>nequeas,</span> <span class='ocrx_word' id='word_1_146' title='bbox 766 2551 938 2606; x_wconf 86' lang='lat' dir='ltr'>utrumne</span> <span class='ocrx_word' id='word_1_147' title='bbox 961 2541 1136 2609; x_wconf 87' lang='lat' dir='ltr'>ornatior</span> <span class='ocrx_word' id='word_1_148' title='bbox 1154 2540 1187 2607; x_wconf 85' lang='lat' dir='ltr'>in</span> 
     </span>
     <span class='ocr_line' id='line_1_23' title="bbox 96 2636 1188 2736; baseline -0.005 -24"><span class='ocrx_word' id='word_1_149' title='bbox 96 2639 321 2736; x_wconf 78' lang='lat' dir='ltr'>eloquendo,</span> <span class='ocrx_word' id='word_1_150' title='bbox 350 2664 399 2707; x_wconf 86' lang='lat' dir='ltr'>an</span> <span class='ocrx_word' id='word_1_151' title='bbox 416 2636 575 2735; x_wconf 80' lang='lat' dir='ltr'>facilior</span> <span class='ocrx_word' id='word_1_152' title='bbox 598 2641 635 2706; x_wconf 86' lang='lat' dir='ltr'>in</span> <span class='ocrx_word' id='word_1_153' title='bbox 659 2638 900 2733; x_wconf 74' lang='lat' dir='ltr'>explicando,</span> <span class='ocrx_word' id='word_1_154' title='bbox 928 2664 979 2707; x_wconf 89' lang='lat' dir='ltr'>an</span> <span class='ocrx_word' id='word_1_155' title='bbox 1003 2642 1188 2733; x_wconf 84' lang='lat' dir='ltr'>potentior</span> 
     </span>
     <span class='ocr_line' id='line_1_24' title="bbox 79 2732 1189 2839; baseline -0.005 -25"><span class='ocrx_word' id='word_1_156' title='bbox 79 2732 137 2815; x_wconf 81' lang='lat' dir='ltr'>&#39;in</span> <span class='ocrx_word' id='word_1_157' title='bbox 167 2734 421 2839; x_wconf 80' lang='lat' dir='ltr'>persuadendo</span> <span class='ocrx_word' id='word_1_158' title='bbox 448 2737 577 2835; x_wconf 73' lang='lat' dir='ltr'>suerit</span> <span class='ocrx_word' id='word_1_159' title='bbox 646 2738 722 2808; x_wconf 85' lang='lat' dir='ltr'>Hic</span> <span class='ocrx_word' id='word_1_160' title='bbox 754 2753 880 2809; x_wconf 85' lang='lat' dir='ltr'>tamen</span> <span class='ocrx_word' id='word_1_161' title='bbox 912 2740 1063 2833; x_wconf 84' lang='lat' dir='ltr'>placere</span> <span class='ocrx_word' id='word_1_162' title='bbox 1093 2740 1189 2810; x_wconf 85' lang='lat' dir='ltr'>ultra</span> 
     </span>
     <span class='ocr_line' id='line_1_25' title="bbox 97 2830 1190 2938; baseline -0.005 -23"><span class='ocrx_word' id='word_1_163' title='bbox 97 2841 211 2919; x_wconf 81' lang='lat' dir='ltr'>verba</span> <span class='ocrx_word' id='word_1_164' title='bbox 220 2835 504 2938; x_wconf 86' lang='lat' dir='ltr'>sacramentum</span> <span class='ocrx_word' id='word_1_165' title='bbox 519 2838 860 2938; x_wconf 78' lang='lat' dir='ltr'>ignorantibusnorr</span> <span class='ocrx_word' id='word_1_166' title='bbox 868 2830 1000 2935; x_wconf 86' lang='lat' dir='ltr'>potest,</span> <span class='ocrx_word' id='word_1_167' title='bbox 1019 2844 1190 2936; x_wconf 83' lang='lat' dir='ltr'>quoniam</span> 
     </span>
     <span class='ocr_line' id='line_1_26' title="bbox 95 2931 1187 3041; baseline -0.003 -26"><span class='ocrx_word' id='word_1_168' title='bbox 95 2935 255 3041; x_wconf 74' lang='lat' dir='ltr'>mystica</span> <span class='ocrx_word' id='word_1_169' title='bbox 267 2937 370 3038; x_wconf 86' lang='lat' dir='ltr'>suut,</span> <span class='ocrx_word' id='word_1_170' title='bbox 400 2966 496 3034; x_wconf 86' lang='lat' dir='ltr'>quae</span> <span class='ocrx_word' id='word_1_171' title='bbox 513 2943 684 3035; x_wconf 74' lang='lat' dir='ltr'>loquutus</span> <span class='ocrx_word' id='word_1_172' title='bbox 700 2931 751 3036; x_wconf 92' lang='lat' dir='ltr'>est</span> <span class='ocrx_word' id='word_1_173' title='bbox 767 2955 803 3010; x_wconf 84' lang='lat' dir='ltr'>et</span> <span class='ocrx_word' id='word_1_174' title='bbox 819 2942 872 3011; x_wconf 83' lang='lat' dir='ltr'>ad</span> <span class='ocrx_word' id='word_1_175' title='bbox 894 2942 931 3011; x_wconf 80' lang='lat' dir='ltr'>id</span> <span class='ocrx_word' id='word_1_176' title='bbox 944 2954 1187 3039; x_wconf 85' lang='lat' dir='ltr'>praeparato,</span> 
     </span>
     <span class='ocr_line' id='line_1_27' title="bbox 22 3038 696 3144; baseline -0.003 -27"><span class='ocrx_word' id='word_1_177' title='bbox 22 3044 26 3059; x_wconf 77' lang='lat'><strong>¹</strong></span> <span class='ocrx_word' id='word_1_178' title='bbox 96 3058 141 3117; x_wconf 81' lang='lat' dir='ltr'>ut</span> <span class='ocrx_word' id='word_1_179' title='bbox 158 3038 466 3144; x_wconf 57' lang='lat' dir='ltr'>asolissicleliss&#39;rus</span> <span class='ocrx_word' id='word_1_180' title='bbox 483 3044 696 3115; x_wconf 78' lang='lat' dir='ltr'>audiantur.</span> 
     </span>
    </p>
   </div>
   <div class='ocr_carea' id='block_1_4' title="bbox 37 3174 1192 3881">
    <p class='ocr_par' dir='ltr' id='par_1_5' title="bbox 37 3174 1192 3881">
     <span class='ocr_line' id='line_1_28' title="bbox 200 3174 1187 3275; baseline 0 -24"><span class='ocrx_word' id='word_1_181' title='bbox 200 3182 385 3252; x_wconf 78' lang='lat' dir='ltr'>Annonrt</span> <span class='ocrx_word' id='word_1_182' title='bbox 404 3177 510 3248; x_wconf 88' lang='lat' dir='ltr'>Libri</span> <span class='ocrx_word' id='word_1_183' title='bbox 524 3181 601 3247; x_wconf 87' lang='lat' dir='ltr'>VH.</span> <span class='ocrx_word' id='word_1_184' title='bbox 622 3177 706 3247; x_wconf 82' lang='lat' dir='ltr'>adv.</span> <span class='ocrx_word' id='word_1_185' title='bbox 715 3191 855 3275; x_wconf 80' lang='lat' dir='ltr'>gentes,</span> <span class='ocrx_word' id='word_1_186' title='bbox 884 3202 980 3273; x_wconf 88' lang='lat' dir='ltr'>quos</span> <span class='ocrx_word' id='word_1_187' title='bbox 998 3174 1187 3259; x_wconf 80' lang='lat' dir='ltr'>scribendi,</span> 
     </span>
     <span class='ocr_line' id='line_1_29' title="bbox 98 3276 1190 3376; baseline -0.002 -24"><span class='ocrx_word' id='word_1_188' title='bbox 98 3309 136 3373; x_wconf 63' lang='lat'>‚¹</span> <span class='ocrx_word' id='word_1_189' title='bbox 190 3276 338 3352; x_wconf 78' lang='lat' dir='ltr'>occasio</span> <span class='ocrx_word' id='word_1_190' title='bbox 366 3278 489 3350; x_wconf 86' lang='lat' dir='ltr'>oblata</span> <span class='ocrx_word' id='word_1_191' title='bbox 515 3277 598 3348; x_wconf 83' lang='lat' dir='ltr'>fuit.</span> <span class='ocrx_word' id='word_1_192' title='bbox 652 3283 779 3374; x_wconf 85' lang='lat' dir='ltr'>Quum</span> <span class='ocrx_word' id='word_1_193' title='bbox 799 3279 907 3350; x_wconf 85' lang='lat' dir='ltr'>sacris</span> <span class='ocrx_word' id='word_1_194' title='bbox 922 3280 1082 3376; x_wconf 86' lang='lat' dir='ltr'>paganis</span> <span class='ocrx_word' id='word_1_195' title='bbox 1099 3280 1190 3351; x_wconf 84' lang='lat' dir='ltr'>vale·</span> 
     </span>
     <span class='ocr_line' id='line_1_30' title="bbox 37 3346 1189 3475; baseline -0.003 -22"><span class='ocrx_word' id='word_1_196' title='bbox 37 3428 57 3438; x_wconf 90' lang='lat'>--</span> <span class='ocrx_word' id='word_1_197' title='bbox 97 3346 168 3471; x_wconf 59' lang='lat'>²135</span> <span class='ocrx_word' id='word_1_198' title='bbox 202 3409 221 3454; x_wconf 92' lang='lat' dir='ltr'>e</span> <span class='ocrx_word' id='word_1_199' title='bbox 239 3405 281 3451; x_wconf 89' lang='lat' dir='ltr'>ac</span> <span class='ocrx_word' id='word_1_200' title='bbox 298 3377 482 3450; x_wconf 86' lang='lat' dir='ltr'>Christum</span> <span class='ocrx_word' id='word_1_201' title='bbox 500 3378 689 3475; x_wconf 88' lang='lat' dir='ltr'>profiteri,</span> <span class='ocrx_word' id='word_1_202' title='bbox 718 3380 842 3452; x_wconf 84' lang='lat' dir='ltr'>secum</span> <span class='ocrx_word' id='word_1_203' title='bbox 862 3376 1124 3464; x_wconf 84' lang='lat' dir='ltr'>constituiss&#39;et,</span> <span class='ocrx_word' id='word_1_204' title='bbox 1149 3376 1189 3450; x_wconf 86' lang='lat' dir='ltr'>ab</span> 
     </span>
     <span class='ocr_line' id='line_1_31' title="bbox 98 3456 1188 3576; baseline -0.005 -22"><span class='ocrx_word' id='word_1_205' title='bbox 98 3456 201 3569; x_wconf 53' lang='lat'>‘3¹⁰5‘</span> <span class='ocrx_word' id='word_1_206' title='bbox 212 3507 287 3576; x_wconf 91' lang='lat' dir='ltr'>opo</span> <span class='ocrx_word' id='word_1_207' title='bbox 305 3480 408 3549; x_wconf 87' lang='lat' dir='ltr'>haud</span> <span class='ocrx_word' id='word_1_208' title='bbox 424 3481 622 3574; x_wconf 89' lang='lat' dir='ltr'>impetrare</span> <span class='ocrx_word' id='word_1_209' title='bbox 640 3483 787 3574; x_wconf 91' lang='lat' dir='ltr'>potuit,</span> <span class='ocrx_word' id='word_1_210' title='bbox 819 3499 863 3552; x_wconf 92' lang='lat' dir='ltr'>ut</span> <span class='ocrx_word' id='word_1_211' title='bbox 886 3483 991 3576; x_wconf 85' lang='lat' dir='ltr'>prius</span> <span class='ocrx_word' id='word_1_212' title='bbox 1017 3478 1188 3573; x_wconf 79' lang='lat' dir='ltr'>mysterio</span> 
     </span>
     <span class='ocr_line' id='line_1_32' title="bbox 98 3552 1190 3677; baseline 0 -28"><span class='ocrx_word' id='word_1_213' title='bbox 98 3552 209 3669; x_wconf 54' lang='lat' dir='ltr'><strong>EP¹f⁰</strong></span> <span class='ocrx_word' id='word_1_214' title='bbox 232 3582 351 3653; x_wconf 83' lang='lat' dir='ltr'>fontis</span> <span class='ocrx_word' id='word_1_215' title='bbox 385 3581 426 3650; x_wconf 89' lang='lat' dir='ltr'>in</span> <span class='ocrx_word' id='word_1_216' title='bbox 464 3581 651 3653; x_wconf 89' lang='lat' dir='ltr'>civitatem</span> <span class='ocrx_word' id='word_1_217' title='bbox 686 3580 920 3653; x_wconf 80' lang='lat' dir='ltr'>christianam</span> <span class='ocrx_word' id='word_1_218' title='bbox 957 3583 1190 3677; x_wconf 82' lang='lat' dir='ltr'>reciperetur.</span> 
     </span>
     <span class='ocr_line' id='line_1_33' title="bbox 97 3655 1192 3780; baseline -0.005 -24"><span class='ocrx_word' id='word_1_219' title='bbox 97 3655 190 3728; x_wconf 65' lang='lat' dir='ltr'>sam</span> <span class='ocrx_word' id='word_1_220' title='bbox 228 3700 525 3756; x_wconf 87' lang='lat' dir='ltr'>monumentum</span> <span class='ocrx_word' id='word_1_221' title='bbox 541 3683 682 3780; x_wconf 82' lang='lat' dir='ltr'>ingenii</span> <span class='ocrx_word' id='word_1_222' title='bbox 702 3683 741 3753; x_wconf 91' lang='lat' dir='ltr'>in</span> <span class='ocrx_word' id='word_1_223' title='bbox 759 3684 953 3777; x_wconf 88' lang='lat' dir='ltr'>publicum</span> <span class='ocrx_word' id='word_1_224' title='bbox 965 3678 1192 3776; x_wconf 77' lang='lat' dir='ltr'>produxillrt</span> 
     </span>
     <span class='ocr_line' id='line_1_34' title="bbox 100 3779 1192 3881; baseline -0.001 -29"><span class='ocrx_word' id='word_1_225' title='bbox 100 3779 216 3852; x_wconf 62' lang='lat' dir='ltr'><strong>quam</strong></span> <span class='ocrx_word' id='word_1_226' title='bbox 245 3783 395 3857; x_wconf 84' lang='lat' dir='ltr'>testatus</span> <span class='ocrx_word' id='word_1_227' title='bbox 416 3783 517 3868; x_wconf 72' lang='lat' dir='ltr'>elles,</span> <span class='ocrx_word' id='word_1_228' title='bbox 544 3783 579 3856; x_wconf 87' lang='lat' dir='ltr'>se</span> <span class='ocrx_word' id='word_1_229' title='bbox 606 3780 838 3855; x_wconf 83' lang='lat' dir='ltr'>christianam</span> <span class='ocrx_word' id='word_1_230' title='bbox 862 3787 1088 3881; x_wconf 69' lang='lat' dir='ltr'>religionem</span> <span class='ocrx_word' id='word_1_231' title='bbox 1113 3806 1192 3855; x_wconf 70' lang='lat' dir='ltr'>rere</span> 
     </span>
    </p>
   </div>
   <div class='ocr_carea' id='block_1_5' title="bbox 98 3882 1192 4051">
    <p class='ocr_par' dir='ltr' id='par_1_6' title="bbox 98 3882 1192 4051">
     <span class='ocr_line' id='line_1_35' title="bbox 98 3882 1192 4028; baseline 0 -77"><span class='ocrx_word' id='word_1_232' title='bbox 98 3882 221 4028; x_wconf 51' lang='grc' dir='ltr'>ἓθφῖθ</span> <span class='ocrx_word' id='word_1_233' title='bbox 249 3957 273 4026; x_wconf 81' lang='lat' dir='ltr'>t‘</span> <span class='ocrx_word' id='word_1_234' title='bbox 300 3888 416 3972; x_wconf 87' lang='lat' dir='ltr'>velle,</span> <span class='ocrx_word' id='word_1_235' title='bbox 444 3887 625 3980; x_wconf 86' lang='lat' dir='ltr'>quoniam</span> <span class='ocrx_word' id='word_1_236' title='bbox 648 3904 756 3958; x_wconf 88' lang='lat' dir='ltr'>antea</span> <span class='ocrx_word' id='word_1_237' title='bbox 779 3903 909 3958; x_wconf 87' lang='lat' dir='ltr'>contra</span> <span class='ocrx_word' id='word_1_238' title='bbox 932 3884 1039 3958; x_wconf 80' lang='lat' dir='ltr'>istam</span> <span class='ocrx_word' id='word_1_239' title='bbox 1054 3885 1192 3980; x_wconf 82' lang='lat' dir='ltr'>semper</span> 
     </span>
     <span class='ocr_line' id='line_1_36' title="bbox 123 3983 276 4051; baseline -0.007 -24"><span class='ocrx_word' id='word_1_240' title='bbox 123 3985 185 4051; x_wconf 80' lang='lat' dir='ltr'>lup</span> <span class='ocrx_word' id='word_1_241' title='bbox 205 3984 245 4028; x_wconf 90' lang='lat' dir='ltr'>ec</span> <span class='ocrx_word' id='word_1_242' title='bbox 264 3983 276 4026; x_wconf 83' lang='grc' dir='ltr'>ι</span> 
     </span>
    </p>
   </div>
   <div class='ocr_carea' id='block_1_6' title="bbox 101 4060 335 4075">
    <p class='ocr_par' dir='ltr' id='par_1_7' title="bbox 101 4060 335 4075">
     <span class='ocr_line' id='line_1_37' title="bbox 101 4060 335 4075; baseline 0 -7"><span class='ocrx_word' id='word_1_243' title='bbox 101 4060 335 4075; x_wconf 49' lang='grc' dir='ltr'><strong>μ...-</strong></span> 
     </span>
    </p>
   </div>
   <div class='ocr_carea' id='block_1_7' title="bbox 132 4138 764 4213">
    <p class='ocr_par' dir='ltr' id='par_1_8' title="bbox 132 4138 764 4213">
     <span class='ocr_line' id='line_1_38' title="bbox 132 4138 764 4213; baseline 0.002 -14"><span class='ocrx_word' id='word_1_244' title='bbox 132 4146 160 4213; x_wconf 69' lang='lat'>*)</span> <span class='ocrx_word' id='word_1_245' title='bbox 180 4141 312 4204; x_wconf 73' lang='lat' dir='ltr'>Lunna</span> <span class='ocrx_word' id='word_1_246' title='bbox 331 4138 409 4212; x_wconf 68' lang='lat' dir='ltr'>lim.</span> <span class='ocrx_word' id='word_1_247' title='bbox 424 4141 513 4201; x_wconf 78' lang='lat' dir='ltr'>theol.</span> <span class='ocrx_word' id='word_1_248' title='bbox 533 4138 599 4200; x_wconf 81' lang='lat' dir='ltr'>crit.</span> <span class='ocrx_word' id='word_1_249' title='bbox 621 4140 687 4209; x_wconf 87' lang='lat' dir='ltr'>vu,</span> <span class='ocrx_word' id='word_1_250' title='bbox 706 4146 764 4200; x_wconf 77' lang='lat'><strong>105.</strong></span> 
     </span>
    </p>
   </div>
   <div class='ocr_carea' id='block_1_8' title="bbox 0 0 1288 4724">
    <p class='ocr_par' dir='ltr' id='par_1_9' title="bbox 0 0 1288 4724">
     <span class='ocr_line' id='line_1_39' title="bbox 0 0 1288 4724; baseline 0 0"><span class='ocrx_word' id='word_1_251' title='bbox 0 0 1288 4724; x_wconf 95' lang='lat' dir='ltr'> </span> 
     </span>
    </p>
   </div>
  </div>
 </body>
</html>
