2542 4724
315 292 838 403 „cravrsss
1101 299 1176 376 337

77 488 282 592 plurimu,
313 480 395 556 sive
421 480 898 585 va1·i01umrluctorum‚
935 505 1037 580 quae
1055 488 1176 563 colle·

81 608 166 665 ctae
197 584 458 670 exhibentur,
493 585 627 655 Notae
658 579 760 654 sunt.
823 583 934 657 Aliae
967 586 1176 685 praeterea
1211 604 1214 611 “

81 688 321 792 prodierunt
337 683 568 783 separatim,
598 680 678 755 fine
696 681 789 780 ipsis
811 689 1100 776 monumentis,
1117 688 1174 763 ‘ad

108 815 184 865 uae
200 788 295 863 istae
310 784 508 887 spectant,
545 783 643 855 aliae
667 781 862 880 deniqne,
896 783 936 858 se
953 785 1043 861 dato
1059 814 1174 863 occa-

84 816 192 965 bone
216 886 457 985 conscriptas
485 880 582 975 esse,
612 881 827 977 ostendunt
845 901 962 986 atque
978 889 1021 964 in
1042 890 1175 989 operi·

85 991 157 1068 bus
171 990 365 1087 librisque
385 984 578 1085 dispersae
597 982 807 1069 habentur.

511 1208 585 1297 '§.
639 1203 701 1284 5⁴).
800 1202 806 1215 ’

172 1378 378 1457 'Diversae
404 1403 566 1478 quoque
594 1376 685 1451 sunt
713 1375 820 1478 ipsae
845 1373 979 1471 Notae
1010 1379 1201 1481 duoquej

103 1504 233 1582 genera
258 1508 398 1557 earum
424 1479 610 1556 constitui
634 1472 814 1577 possunt,
852 1506 979 1579 quum
993 1484 1085 1557 illae
1107 1487 1174 1560 vel

104 1584 361 1686 adscripturus
381 1598 498 1679 atque
519 1580 682 1653 illarum
698 1583 1016 1672 accurationem,
1040 1587 1108 1658 v'el
1124 1584 1175 1659 ad

105 1708 224 1761 reram
241 1683 477 1759 sententiam
496 1706 658 1765 eorum,
695 1706 796 1779 quae
820 1683 1052 1772 dictasunt,
1087 1684 1175 1785 spe·

108 1798 205 1861 etant
267 1786 419 1861 Prioris
447 1783 605 1883 generis
631 1784 766 1855 Notae
801 1785 992 1885 appellari
1016 1772 1176 1885 possunt
1253 1792 1256 1797 ’

110 1892 252 1975 criticae,
286 1912 387 1986 quae
411 1882 619 1959 recensent
641 1884 842 1961 variantes
872 1886 1067 1960 lectiones
1090 1912 1186 1982 eas-f

112 1982 259 2087 demque
280 1985 520 2073 diiudicant,
557 2000 603 2057 ut
628 1982 793 2063 videant
816 1986 901 2074 alii,
931 2012 1032 2082 quae
1054 1986 1175 2089 scrip·
1202 1994 1206 2002 '

112 2082 181 2163 lura
202 2086 322 2164 alterd
344 2088 389 2161 lit
413 2084 661 2188 probabilior
682 2084 867 2182 hancque
886 2086 938 2159 ob
955 2114 1043 2163 rem
1060 2114 1174 2189 prae·

116 2181 263 2281 seratur,
301 2214 344 2263 ac
362 2187 524 2285 quando
551 2186 822 2259 correctiones
839 2186 1101 2263 instituuntur
1121 2204 1176 2262 at·
1215 2226 1219 2233 ·

117 2310 175 2383 que
192 2290 512 2375 emendationes,
549 2281 653 2360 frunt
674 2284 768 2359 istae
787 2312 864 2387 ope
888 2288 956 2361 vel
974 2288 1176 2365 Codicum

116 2392 468 2493 manuscriptorum,
511 2388 577 2463 vel
605 2387 759 2485 ingenii
783 2414 826 2460 ac
853 2390 1179 2464 coniecturarum

120 2490 328 2569 critcarum.
374 2488 608 2565 Posterioris
627 2488 788 2587 generis
806 2488 1174 2565 mrimadversioncs

121 2594 298 2669 nominare
322 2594 416 2667 licet
440 2594 704 2690 philologicos,
739 2588 770 2661 li
796 2590 995 2666 vocabulo
1011 2590 1106 2665 huic
1123 2592 1178 2664 la·
1221 2676 1233 2693 ,

120 2686 235 2771 liorem
255 2690 506 2795 significandi
532 2692 617 2764 vim
651 2689 829 2764 tribuere
854 2692 1050 2782 velimus,
1091 2689 1176 2767 sive

121 2786 273 2871 illaelint
293 2795 591 2895 grammaticae,
618 2790 703 2868 sive
722 2790 953 2883 historicae,
977 2792 1062 2871 five
1078 2791 1178 2896 dog·¹

122 2894 254 2973 naticae
272 2922 317 2971 ac
334 2896 568 2997 polemicae,
707 2924 710 2929 ·

194 3218 336 3286 Praeter
353 3220 491 3298 Notas,
527 3238 617 3307 quas
643 3214 690 3285 ad
708 3210 962 3285 emendandos
985 3214 1047 3287 vel
1061 3214 1177 3287 inter·
1219 3251 1224 3257 ·

123 3316 293 3395 prettudos
309 3316 515 3411 Scriptores
531 3312 783 3387 ecclesiasticos
794 3314 1087 3409 composuerunt
1101 3321 1177 3390 VV.

123 3402 203 3500 Ῑ)Ῑ).,
232 3412 475 3489 niemorenda
501 3415 585 3486 sunt
608 3418 745 3487 Lexica
764 3418 825 3488 vel
845 3408 1047 3516 Gloffaria,
1083 3442 1178 3513 quae

119 3504 161 3581 dl
177 3512 472 3615 cognoscendum
501 3543 630 3589 eorum
655 3544 802 3588 morem
831 3518 1016 3609 loquendi
1042 3522 1192 3590 velex·

124 3614 254 3697 profesto
274 3620 405 3715 scripta
424 3620 526 3702 sunt,
561 3620 621 3689 vel
642 3644 728 3689 enm
745 3620 843 3689 inter
860 3618 929 3689 alie
948 3616 1176 3691 collustrant.

126 3704 328 3809 Exprofeffo
346 3722 447 3790 hunc
462 3722 500 3788 in
518 3719 624 3789 usum
644 3719 799 3814 scriptus
818 3716 865 3791 est
882 3725 941 3790 Io.
959 3726 1071 3791 Cnse.
1092 3727 1180 3792 Sur-

127 3822 200 3883 cerr
233 3817 435 3923 Tsrejourus
468 3811 718 3918 eccscfiosticus
753 3846 773 3891 e
810 3818 986 3891 Patribus
1018 3826 1178 3917 groeciS,

123 3898 243 3990 dorstet
265 3922 396 4005 1602,
432 3922 616 3992 emendet.
635 3940 759 3993 eutem
777 3940 814 3994 et
839 3930 935 3995 auct.
959 3921 1049 3991 ibid.
1069 3922 1179 3994 1728.

121 4012 247 4094 i‘Trci.
267 4022 315 4097 ad
329 4024 399 4095 lth.
420 4022 527 4095 1746.
553 4021 645 4106 fol.;
679 4026 778 4095 inter
795 4025 865 4095 alia
882 4020 1007 4097 autem
1027 4028 1181 4093 Petrum

117 4092 278 4201 ¹⁰tuenti
300 4149 449 4198 morem
474 4124 660 4198 examinat
682 4143 721 4198 et
744 4126 868 4199 lucem
893 4120 979 4219 ipsis
1003 4126 1184 4197 admovet

739 4228 873 4333 ‘22
