2542 4724
410 294 846 395 Car.ll1.§.ll8.
902 392 905 403 ³
975 250 1026 265 ΙΙ
1106 300 1182 415 289

79 510 252 593 pugnata
270 486 318 563 est
337 491 376 561 in
404 492 561 557 Literni.
581 491 748 585 Zeitung
760 484 793 582 f.
813 484 953 556 lratltol.
971 486 1178 586 Religious·

80 598 203 667 teltrer
236 620 268 663 a.
294 594 403 685 1622.
437 596 537 661 Fasc.
560 594 639 659 Vll.
671 615 708 683 p.
731 591 789 662 79.
819 589 903 660 102.
938 607 976 660 et
1008 613 1040 659 a.
1071 590 1179 665 1823.

80 706 185 772 l'asc.
206 702 266 767 tv.
290 719 328 789 p.
347 695 406 765 33.
909 768 913 775 ,

184 838 270 911 ΙΧ.)
295 828 408 899 Liber
425 828 470 896 de
489 824 677 896 Mortibus
695 817 1021 923 Persequutonau,
1050 827 1115 924 qui
1131 828 1181 900 ob

83 954 279 1007 auctorem
303 930 410 1000 [utun
430 930 539 998 otiam
558 931 596 997 in
618 930 929 1023 disceptationem
946 930 1061 1001 venit.
1105 932 1183 1001 Pri„

83 1060 171 1109 nans
188 1036 299 1104 illum
326 1037 476 1101 Sanun.
497 1037 710 1101 Bacumus
735 1033 771 1100 iu
791 1034 914 1102 lucem
932 1032 1119 1127 produxit
1137 1056 1184 1103 ex

84 1131 260 1209 vetul'till.
285 1132 376 1203 eod.
398 1133 653 1203 Bibliothecae
672 1133 927 1215 Colbertinae,
961 1132 1025 1203 sub
1045 1134 1182 1205 titulo:

85 1246 127 1309 L.
156 1234 307 1317 Caecilii
331 1236 510 1302 t'irmtaat
540 1238 731 1303 Lactantii
767 1233 877 1303 Liber
903 1234 954 1304 ad
980 1240 1181 1307 Donatum

88 1329 338 1435 Cons'tffrueru
360 1336 404 1403 de
420 1332 608 1405 Mortibus
628 1330 947 1436 Persequutorum,
974 1355 1010 1408 et
1026 1334 1183 1408 illustra·

86 1444 142 1511 vit
157 1442 197 1509 in
210 1436 368 1507 Miscell.
389 1438 472 1507 Lib.
486 1442 583 1531 ll.·p.
603 1439 635 1508 ’1.
656 1457 692 1507 et
709 1438 796 1511 345.
841 1444 898 1509 Ex
917 1439 1103 1533 quolibet
1119 1439 1181 1511 hio

88 1542 298 1639 prodierat,
334 1537 398 1608 ille
418 1540 613 1609 communi
636 1540 873 1610 eruditorum
889 1542 1068 1611 Virorum
1093 1565 1181 1611 con·

92 1640 258 1715 l'enlloue
284 1640 437 1734 reliquis
465 1642 652 1737 germanis
683 1642 826 1736 scriptis
851 1642 1039 1711 Lactantii
1064 1666 1182 1711 annu·
1254 1672 1262 1699 ’-

93 1762 265 1823 arctatus,
286 1766 357 1811 nec
376 1742 497 1811 solum
517 1768 602 1812 cum
622 1744 695 1813 illis
715 1745 960 1825 coniunctim,
988 1741 1181 1815 sedetiam

96 1843 285 1940 separatim
308 1842 347 1911 in
373 1845 494 1913 lucem
517 1846 639 1915 editus
662 1843 722 1916 el't.
774 1847 848 1941 Qui
875 1842 1059 1929 statuunt,
1086 1846 1181 1917 Lao-

97 1946 253 2015 tautium
272 1940 339 2014 elle
355 1950 582 2029 Auctorem,
613 1942 831 2041 arpumenta
852 1946 914 2016 lua
932 1945 976 2015 ab
997 1963 1132 2029 aetate,
1159 1966 1180 2016 a

101 2044 196 2129 llilo,
223 2070 243 2115 a
263 2070 302 2114 rc
318 2040 537 2141 periractata
556 2066 666 2136 atque
685 2051 765 2119 aliis
787 2047 998 2118 rationibus
1017 2048 1179 2117 inruunt.
1224 2070 1227 2075 '

103 2150 152 2219 ab
173 2150 242 2219 hac
266 2144 446 2218 sententia
471 2146 627 2219 disccllit
651 2156 740 2220 N1c.
759 2156 998 2228 Novanius,
1035 2172 1076 2220 ea
1102 2172 1180 2218 ma·

103 2250 192 2319 xime
207 2244 323 2319 caulla
342 2248 537 2330 adductus,
557 2252 737 2344 quoniam
752 2252 791 2319 in
809 2250 903 2319 eod.
923 2250 1086 2320 Colbert.
1104 2250 1181 2319 Au·

47 2406 49 2415 .
106 2366 177 2419 ctcr
200 2371 277 2419 non
304 2354 513 2419 Firutinnus
537 2356 775 2435 Lactantius,
811 2350 871 2420 sed
898 2353 1032 2420 Lucius
1056 2352 1180 2419 Caeci·

109 2450 164 2521 lius
179 2452 385 2545 appelletur
403 2470 513 2545 atque
530 2480 574 2523 ex
591 2480 635 2524 eo
655 2452 934 2527 conficiendum
950 2450 1003 2532 fit,
1022 2455 1185 2547 Scripto-

109 2576 211 2623 rema
235 2553 433 2622 Lactantio
455 2557 566 2647 plane
584 2555 770 2625 diversum
789 2553 873 2634 elle,
900 2554 957 2622 illi
974 2570 1099 2623 tamen
1126 2578 1182 2623 ac·

109 2668 171 2723 tate
191 2656 405 2746 aequalem,
438 2659 596 2726 nonnae
617 2682 699 2726 non
724 2655 988 2737 Lactantiurn,
1023 2654 1084 2724 sed
1108 2658 1183 2723 Lu·

111 2756 192 2823 cium
212 2756 420 2825 Caecilium.
472 2759 630 2828 Librum
649 2759 768 2853 ipsum
793 2748 986 2853 separatim
1003 2756 1042 2824 in
1059 2757 1184 2827 lucem

114 2854 218 2927 emisit
246 2880 290 2925 ac
322 2854 608 2953 dillertationem
643 2858 806 2942 addidit,
852 2882 922 2951 qua
959 2856 1181 2951 disputatur,

113 2956 333 3027 lactantium
349 2983 428 3028 non
448 2958 513 3031 elle
530 2956 630 3031 illins
648 2965 863 3030 Auctorem.
899 2958 1095 3054 Inscriptio
1117 2954 1182 3031 est:

115 3056 146 3127 l..
164 3060 307 3129 Caecilii
323 3058 404 3130 Lib.
424 3062 474 3130 acl
494 3066 692 3131 Donatum
715 3052 963 3159 Confifforeru
982 3060 1027 3128 de
1048 3060 1185 3129 Morti-

117 3150 166 3227 lta
192 3153 488 3259 Persecutorum,
527 3162 702 3232 hacteuus
734 3166 777 3230 L.
806 3162 964 3229 Caecilio
995 3164 1186 3231 Firntiauo

48 3276 52 3281 ·
118 3256 296 3331 lactantio
325 3256 550 3359 adscriptus,
590 3264 641 3332 acl
667 3260 916 3335 Collatinum
946 3261 1036 3331 Cod.
1066 3262 1185 3330 denuo

47 3400 56 3431 2
119 3362 322 3433 maidatus.
373 3356 716 3463 AcceffitDiffert.,
751 3367 786 3433 iu
814 3389 887 3458 qaia
913 3360 1080 3431 clelurius
1106 3360 1187 3458 libri

121 3460 260 3533 Auctore
277 3465 492 3561 disputatur
511 3480 546 3534 et
570 3472 695 3536 ornnia
715 3466 808 3536 illius
834 3465 915 3535 loca
934 3461 1066 3546 darbia,
1095 3452 1187 3554 diffi-

47 3614 67 3627 .
123 3560 203 3645 tilia,
236 3560 388 3663 obscura
413 3571 612 3661 variaeque
637 3571 812 3637 Auctoris
832 3568 1021 3661 opiniones
1048 3567 1188 3634 exarui·

50 3746 54 3751 Ι
125 3678 256 3749 Μηίων,
296 3668 550 3761 explicantur,
594 3661 841 3763 illustrantur,
889 3673 969 3737 Par.
999 3666 1107 3737 1710.
1153 3666 1188 3736 8.

47 3812 68 3835 .-
127 3758 402 3839 [litterationem
420 3768 514 3839 barac
532 3772 656 3839 denuo
676 3771 809 3839 litteris
828 3766 1101 3838 describendam
1127 3790 1192 3835 cu-

51 3880 70 3959 s
129 3864 199 3933 tttit
226 3868 266 3939 in
295 3874 501 3963 Apparatu
535 3872 585 3940 ad
617 3869 792 3941 Ilibliotlr.
827 3854 927 3938 auaui
955 3868 1111 3935 l’atruru
1138 3869 1191 3946 tt,

73 4016 83 4045 :
132 3958 213 4035 1643.
231 3970 266 4057 *)
318 3976 460 4043 Nactus
497 3970 545 4044 el't
579 3973 826 4055 adversarios,
869 3971 935 4066 qui
970 3968 1192 4039 sententiam

134 4110 307 4140 ⁸³——

47 4230 86 4276 .ς
159 4204 183 4245 ““·
197 4208 513 4343 llizrl’pappngl’raesat.
532 4220 573 4271 ad
591 4218 743 4276 lactantii
761 4218 922 4291 Epilomffl
940 4210 1074 4279 I'lstflfll·
1092 4210 1196 4276 dicia,
