<?xml version="1.0" encoding="UTF-8"?>
<!DOCTYPE html PUBLIC "-//W3C//DTD XHTML 1.0 Transitional//EN"
    "http://www.w3.org/TR/xhtml1/DTD/xhtml1-transitional.dtd">
<html xmlns="http://www.w3.org/1999/xhtml" xml:lang="en" lang="en">
 <head>
  <title>
</title>
<meta http-equiv="Content-Type" content="text/html;charset=utf-8" />
  <meta name='ocr-system' content='tesseract 3.04.00' />
  <meta name='ocr-capabilities' content='ocr_page ocr_carea ocr_par ocr_line ocrx_word'/>
</head>
<body>
  <div class='ocr_page' id='page_1' title='image "./iogeorgiiwalchi05walcgoog/iogeorgiiwalchi05walcgoog_0578.png"; bbox 0 0 2542 4724; ppageno 0'>
   <div class='ocr_carea' id='block_1_1' title="bbox 80 276 991 387">
    <p class='ocr_par' dir='ltr' id='par_1_1' title="bbox 80 276 991 387">
     <span class='ocr_line' id='line_1_1' title="bbox 80 276 991 387; baseline -0.008 -28"><span class='ocrx_word' id='word_1_1' title='bbox 80 278 159 359; x_wconf 74' lang='grc'><strong>566</strong></span> <span class='ocrx_word' id='word_1_2' title='bbox 444 276 846 385; x_wconf 9' lang='grc' dir='ltr'><strong>οη.Χ.ἱς.97.</strong></span> <span class='ocrx_word' id='word_1_3' title='bbox 974 306 991 387; x_wconf 65' lang='lat' dir='ltr'>j</span> 
     </span>
    </p>
   </div>
   <div class='ocr_carea' id='block_1_2' title="bbox 11 465 1203 4211">
    <p class='ocr_par' dir='ltr' id='par_1_2' title="bbox 69 465 1203 1551">
     <span class='ocr_line' id='line_1_2' title="bbox 86 465 1183 567; baseline -0.002 -24"><span class='ocrx_word' id='word_1_4' title='bbox 86 487 242 543; x_wconf 88' lang='lat' dir='ltr'><strong>tuorum</strong></span> <span class='ocrx_word' id='word_1_5' title='bbox 263 467 463 564; x_wconf 80' lang='lat' dir='ltr'><strong>exemplis,</strong></span> <span class='ocrx_word' id='word_1_6' title='bbox 489 491 585 564; x_wconf 88' lang='lat' dir='ltr'><strong>quae</strong></span> <span class='ocrx_word' id='word_1_7' title='bbox 605 486 676 538; x_wconf 90' lang='lat' dir='ltr'><strong>nec</strong></span> <span class='ocrx_word' id='word_1_8' title='bbox 689 465 865 538; x_wconf 88' lang='lat' dir='ltr'><strong>homines</strong></span> <span class='ocrx_word' id='word_1_9' title='bbox 887 465 1028 563; x_wconf 86' lang='lat' dir='ltr'><strong>pagani</strong></span> <span class='ocrx_word' id='word_1_10' title='bbox 1047 474 1183 567; x_wconf 79' lang='lat' dir='ltr'><strong>negare</strong></span> 
     </span>
     <span class='ocr_line' id='line_1_3' title="bbox 88 566 1183 665; baseline 0.001 -24"><span class='ocrx_word' id='word_1_11' title='bbox 88 570 287 654; x_wconf 81' lang='lat' dir='ltr'><strong>audebant,</strong></span> <span class='ocrx_word' id='word_1_12' title='bbox 309 569 558 665; x_wconf 86' lang='lat' dir='ltr'><strong>comprobare</strong></span> <span class='ocrx_word' id='word_1_13' title='bbox 574 569 778 652; x_wconf 87' lang='lat' dir='ltr'><strong>annititnr;</strong></span> <span class='ocrx_word' id='word_1_14' title='bbox 805 566 976 640; x_wconf 86' lang='lat' dir='ltr'><strong>secundo</strong></span> <span class='ocrx_word' id='word_1_15' title='bbox 991 586 1122 641; x_wconf 87' lang='lat' dir='ltr'><strong>autem</strong></span> <span class='ocrx_word' id='word_1_16' title='bbox 1138 592 1183 642; x_wconf 83' lang='lat' dir='ltr'><strong>ex</strong></span> 
     </span>
     <span class='ocr_line' id='line_1_4' title="bbox 86 666 1185 767; baseline -0.002 -23"><span class='ocrx_word' id='word_1_17' title='bbox 86 669 173 767; x_wconf 88' lang='lat' dir='ltr'><strong>ipfis</strong></span> <span class='ocrx_word' id='word_1_18' title='bbox 183 671 417 766; x_wconf 87' lang='lat' dir='ltr'><strong>Scriptorum</strong></span> <span class='ocrx_word' id='word_1_19' title='bbox 428 666 769 767; x_wconf 84' lang='lat' dir='ltr'><strong>superstitiosorum</strong></span> <span class='ocrx_word' id='word_1_20' title='bbox 783 670 1047 747; x_wconf 82' lang='lat' dir='ltr'><strong>monumentis</strong></span> <span class='ocrx_word' id='word_1_21' title='bbox 1067 666 1185 743; x_wconf 84' lang='lat' dir='ltr'><strong>osten·</strong></span> 
     </span>
     <span class='ocr_line' id='line_1_5' title="bbox 90 756 1203 871; baseline 0.001 -28"><span class='ocrx_word' id='word_1_22' title='bbox 90 772 169 869; x_wconf 85' lang='lat' dir='ltr'><strong>dit,</strong></span> <span class='ocrx_word' id='word_1_23' title='bbox 194 769 343 855; x_wconf 84' lang='lat' dir='ltr'><strong>falsam,</strong></span> <span class='ocrx_word' id='word_1_24' title='bbox 372 795 509 843; x_wconf 87' lang='lat' dir='ltr'><strong>vanarn</strong></span> <span class='ocrx_word' id='word_1_25' title='bbox 519 756 537 856; x_wconf 23' lang='grc' dir='ltr'><strong>,Χ</strong></span> <span class='ocrx_word' id='word_1_26' title='bbox 552 771 752 843; x_wconf 84' lang='lat' dir='ltr'><strong>ridiculam</strong></span> <span class='ocrx_word' id='word_1_27' title='bbox 767 766 841 842; x_wconf 69' lang='lat' dir='ltr'><strong>‘effe</strong></span> <span class='ocrx_word' id='word_1_28' title='bbox 855 771 1013 843; x_wconf 88' lang='lat' dir='ltr'><strong>illorum</strong></span> <span class='ocrx_word' id='word_1_29' title='bbox 1031 771 1203 871; x_wconf 84' lang='lat' dir='ltr'><strong>religio·-</strong></span> 
     </span>
     <span class='ocr_line' id='line_1_6' title="bbox 89 872 1184 972; baseline 0 -27"><span class='ocrx_word' id='word_1_30' title='bbox 89 898 200 957; x_wconf 78' lang='lat' dir='ltr'><strong>nem3</strong></span> <span class='ocrx_word' id='word_1_31' title='bbox 226 897 269 944; x_wconf 89' lang='lat' dir='ltr'><strong>ac</strong></span> <span class='ocrx_word' id='word_1_32' title='bbox 284 872 397 945; x_wconf 89' lang='lat' dir='ltr'><strong>tertio</strong></span> <span class='ocrx_word' id='word_1_33' title='bbox 416 873 576 969; x_wconf 90' lang='lat' dir='ltr'><strong>denique</strong></span> <span class='ocrx_word' id='word_1_34' title='bbox 593 874 634 943; x_wconf 94' lang='lat' dir='ltr'><strong>id</strong></span> <span class='ocrx_word' id='word_1_35' title='bbox 652 872 750 972; x_wconf 88' lang='lat' dir='ltr'><strong>agit,</strong></span> <span class='ocrx_word' id='word_1_36' title='bbox 777 888 823 942; x_wconf 91' lang='lat' dir='ltr'><strong>ut</strong></span> <span class='ocrx_word' id='word_1_37' title='bbox 836 872 992 967; x_wconf 88' lang='lat' dir='ltr'><strong>probet,</strong></span> <span class='ocrx_word' id='word_1_38' title='bbox 1019 872 1184 969; x_wconf 87' lang='lat' dir='ltr'><strong>Scripto-</strong></span> 
     </span>
     <span class='ocr_line' id='line_1_7' title="bbox 69 970 1185 1069; baseline -0.001 -21"><span class='ocrx_word' id='word_1_39' title='bbox 69 997 148 1061; x_wconf 57' lang='lat' dir='ltr'><strong>,res</strong></span> <span class='ocrx_word' id='word_1_40' title='bbox 164 974 355 1060; x_wconf 84' lang='lat' dir='ltr'><strong>ethnicos,</strong></span> <span class='ocrx_word' id='word_1_41' title='bbox 376 992 535 1069; x_wconf 85' lang='lat' dir='ltr'><strong>poetas,</strong></span> <span class='ocrx_word' id='word_1_42' title='bbox 562 970 772 1057; x_wconf 87' lang='lat' dir='ltr'><strong>historicos,</strong></span> <span class='ocrx_word' id='word_1_43' title='bbox 795 971 1048 1069; x_wconf 86' lang='lat' dir='ltr'><strong>philosophos</strong></span> <span class='ocrx_word' id='word_1_44' title='bbox 1064 975 1185 1047; x_wconf 78' lang='lat' dir='ltr'><strong>multa</strong></span> 
     </span>
     <span class='ocr_line' id='line_1_8' title="bbox 90 1072 1184 1170; baseline 0.001 -24"><span class='ocrx_word' id='word_1_45' title='bbox 90 1098 207 1158; x_wconf 86' lang='lat' dir='ltr'><strong>vana,</strong></span> <span class='ocrx_word' id='word_1_46' title='bbox 231 1072 342 1162; x_wconf 88' lang='lat' dir='ltr'><strong>falsa,</strong></span> <span class='ocrx_word' id='word_1_47' title='bbox 367 1075 495 1170; x_wconf 87' lang='lat' dir='ltr'><strong>inepta</strong></span> <span class='ocrx_word' id='word_1_48' title='bbox 512 1075 558 1146; x_wconf 90' lang='lat' dir='ltr'><strong>de</strong></span> <span class='ocrx_word' id='word_1_49' title='bbox 573 1077 657 1148; x_wconf 90' lang='lat' dir='ltr'><strong>Diis</strong></span> <span class='ocrx_word' id='word_1_50' title='bbox 676 1100 718 1146; x_wconf 89' lang='lat' dir='ltr'><strong>ac</strong></span> <span class='ocrx_word' id='word_1_51' title='bbox 732 1074 778 1145; x_wconf 91' lang='lat' dir='ltr'><strong>de</strong></span> <span class='ocrx_word' id='word_1_52' title='bbox 793 1074 965 1147; x_wconf 86' lang='lat' dir='ltr'><strong>moribus</strong></span> <span class='ocrx_word' id='word_1_53' title='bbox 983 1072 1184 1162; x_wconf 82' lang='lat' dir='ltr'><strong>tradidisse,</strong></span> 
     </span>
     <span class='ocr_line' id='line_1_9' title="bbox 89 1171 1185 1269; baseline 0 -22"><span class='ocrx_word' id='word_1_54' title='bbox 89 1171 284 1248; x_wconf 80' lang='lat' dir='ltr'>historiam</span> <span class='ocrx_word' id='word_1_55' title='bbox 307 1195 438 1248; x_wconf 91' lang='lat' dir='ltr'><strong>contra</strong></span> <span class='ocrx_word' id='word_1_56' title='bbox 454 1174 573 1250; x_wconf 87' lang='lat' dir='ltr'><strong>Molis</strong></span> <span class='ocrx_word' id='word_1_57' title='bbox 598 1175 774 1248; x_wconf 89' lang='lat' dir='ltr'><strong>omnium</strong></span> <span class='ocrx_word' id='word_1_58' title='bbox 797 1173 866 1248; x_wconf 84' lang='lat' dir='ltr'><strong>esse</strong></span> <span class='ocrx_word' id='word_1_59' title='bbox 889 1171 1116 1269; x_wconf 80' lang='lat' dir='ltr'><strong>veriffimam</strong></span> <span class='ocrx_word' id='word_1_60' title='bbox 1133 1194 1185 1248; x_wconf 82' lang='lat' dir='ltr'><strong>rt·</strong></span> 
     </span>
     <span class='ocr_line' id='line_1_10' title="bbox 91 1272 1185 1373; baseline 0.004 -28"><span class='ocrx_word' id='word_1_61' title='bbox 91 1299 167 1371; x_wconf 90' lang='lat' dir='ltr'><strong>que</strong></span> <span class='ocrx_word' id='word_1_62' title='bbox 190 1274 490 1373; x_wconf 82' lang='lat' dir='ltr'><strong>antiquissimam.</strong></span> <span class='ocrx_word' id='word_1_63' title='bbox 543 1279 586 1349; x_wconf 92' lang='lat' dir='ltr'><strong>Id</strong></span> <span class='ocrx_word' id='word_1_64' title='bbox 611 1277 717 1373; x_wconf 90' lang='lat' dir='ltr'><strong>quod</strong></span> <span class='ocrx_word' id='word_1_65' title='bbox 740 1294 785 1346; x_wconf 92' lang='lat' dir='ltr'><strong>ut</strong></span> <span class='ocrx_word' id='word_1_66' title='bbox 809 1276 966 1372; x_wconf 89' lang='lat' dir='ltr'><strong>probet,</strong></span> <span class='ocrx_word' id='word_1_67' title='bbox 992 1272 1185 1349; x_wconf 76' lang='lat' dir='ltr'><strong>historiam</strong></span> 
     </span>
     <span class='ocr_line' id='line_1_11' title="bbox 92 1376 1186 1478; baseline 0.002 -30"><span class='ocrx_word' id='word_1_68' title='bbox 92 1378 407 1478; x_wconf 81' lang='lat' dir='ltr'><strong>chronologicam</strong></span> <span class='ocrx_word' id='word_1_69' title='bbox 423 1380 468 1450; x_wconf 88' lang='lat' dir='ltr'><strong>ab</strong></span> <span class='ocrx_word' id='word_1_70' title='bbox 484 1397 571 1452; x_wconf 91' lang='lat' dir='ltr'><strong>ortu</strong></span> <span class='ocrx_word' id='word_1_71' title='bbox 586 1377 723 1451; x_wconf 90' lang='lat' dir='ltr'><strong>mundi</strong></span> <span class='ocrx_word' id='word_1_72' title='bbox 739 1402 861 1475; x_wconf 82' lang='lat' dir='ltr'><strong>usque</strong></span> <span class='ocrx_word' id='word_1_73' title='bbox 876 1376 1000 1449; x_wconf 80' lang='lat' dir='ltr'><strong>adsue</strong></span> <span class='ocrx_word' id='word_1_74' title='bbox 1016 1395 1186 1475; x_wconf 83' lang='lat' dir='ltr'><strong>tempora</strong></span> 
     </span>
     <span class='ocr_line' id='line_1_12' title="bbox 120 1496 291 1551; baseline 0.006 -1"><span class='ocrx_word' id='word_1_75' title='bbox 120 1496 291 1551; x_wconf 84' lang='lat' dir='ltr'><strong>ertexurt.</strong></span> 
     </span>
    </p>

    <p class='ocr_par' dir='ltr' id='par_1_3' title="bbox 91 1500 1189 2191">
     <span class='ocr_line' id='line_1_13' title="bbox 91 1500 1187 1679; baseline -0.002 -27"><span class='ocrx_word' id='word_1_76' title='bbox 91 1500 117 1573; x_wconf 67' lang='lat' dir='ltr'>P</span> <span class='ocrx_word' id='word_1_77' title='bbox 194 1584 400 1653; x_wconf 74' lang='lat' dir='ltr'><strong>Hermian</strong></span> <span class='ocrx_word' id='word_1_78' title='bbox 425 1582 599 1677; x_wconf 76' lang='grc' dir='ltr'><strong>Διαρυσμός</strong></span> <span class='ocrx_word' id='word_1_79' title='bbox 631 1586 697 1655; x_wconf 71' lang='grc' dir='ltr'><strong>τῶν</strong></span> <span class='ocrx_word' id='word_1_80' title='bbox 728 1574 794 1662; x_wconf 76' lang='grc' dir='ltr'><strong>ἔξω</strong></span> <span class='ocrx_word' id='word_1_81' title='bbox 821 1579 1033 1667; x_wconf 77' lang='grc' dir='ltr'><strong>φιλοσόφων,</strong></span> <span class='ocrx_word' id='word_1_82' title='bbox 1064 1569 1187 1679; x_wconf 66' lang='lat' dir='ltr'><strong>Irrfio</strong></span> 
     </span>
     <span class='ocr_line' id='line_1_14' title="bbox 91 1678 1185 1785; baseline 0.003 -35"><span class='ocrx_word' id='word_1_83' title='bbox 91 1681 287 1778; x_wconf 82' lang='lat' dir='ltr'><em>gentilium</em></span> <span class='ocrx_word' id='word_1_84' title='bbox 326 1678 628 1785; x_wconf 78' lang='lat' dir='ltr'><strong>philosophorum</strong></span> <span class='ocrx_word' id='word_1_85' title='bbox 664 1684 688 1756; x_wconf 85' lang='lat' dir='ltr'><strong>s.</strong></span> <span class='ocrx_word' id='word_1_86' title='bbox 728 1682 851 1757; x_wconf 85' lang='lat' dir='ltr'><strong>brevis</strong></span> <span class='ocrx_word' id='word_1_87' title='bbox 883 1681 1057 1763; x_wconf 82' lang='lat' dir='ltr'><strong>libellus,</strong></span> <span class='ocrx_word' id='word_1_88' title='bbox 1113 1704 1185 1779; x_wconf 88' lang='lat' dir='ltr'><strong>quo</strong></span> 
     </span>
     <span class='ocr_line' id='line_1_15' title="bbox 96 1776 1187 1882; baseline 0.002 -31"><span class='ocrx_word' id='word_1_89' title='bbox 96 1776 269 1867; x_wconf 82' lang='lat' dir='ltr'><strong>ostendit,</strong></span> <span class='ocrx_word' id='word_1_90' title='bbox 296 1782 454 1856; x_wconf 82' lang='lat' dir='ltr'><strong>caussam</strong></span> <span class='ocrx_word' id='word_1_91' title='bbox 474 1784 552 1870; x_wconf 87' lang='lat' dir='ltr'><strong>elle,</strong></span> <span class='ocrx_word' id='word_1_92' title='bbox 579 1811 645 1858; x_wconf 91' lang='lat' dir='ltr'><strong>cur</strong></span> <span class='ocrx_word' id='word_1_93' title='bbox 662 1781 1001 1882; x_wconf 87' lang='lat' dir='ltr'><strong>superstitiosorum</strong></span> <span class='ocrx_word' id='word_1_94' title='bbox 1017 1779 1187 1855; x_wconf 74' lang='lat' dir='ltr'><strong>Philoso—</strong></span> 
     </span>
     <span class='ocr_line' id='line_1_16' title="bbox 93 1881 1187 1982; baseline 0.004 -33"><span class='ocrx_word' id='word_1_95' title='bbox 93 1881 262 1976; x_wconf 81' lang='lat' dir='ltr'><strong>phorum</strong></span> <span class='ocrx_word' id='word_1_96' title='bbox 289 1885 490 1980; x_wconf 81' lang='lat' dir='ltr'><strong>opiniones</strong></span> <span class='ocrx_word' id='word_1_97' title='bbox 514 1886 560 1957; x_wconf 87' lang='lat' dir='ltr'><strong>de</strong></span> <span class='ocrx_word' id='word_1_98' title='bbox 581 1912 708 1960; x_wconf 88' lang='lat' dir='ltr'><strong>rerum</strong></span> <span class='ocrx_word' id='word_1_99' title='bbox 729 1885 943 1982; x_wconf 87' lang='lat' dir='ltr'><strong>principiis,</strong></span> <span class='ocrx_word' id='word_1_100' title='bbox 977 1882 1025 1955; x_wconf 90' lang='lat' dir='ltr'><strong>de</strong></span> <span class='ocrx_word' id='word_1_101' title='bbox 1050 1884 1187 1967; x_wconf 85' lang='lat' dir='ltr'><strong>anima,</strong></span> 
     </span>
     <span class='ocr_line' id='line_1_17' title="bbox 96 1980 1189 2084; baseline 0.005 -33"><span class='ocrx_word' id='word_1_102' title='bbox 96 1980 144 2052; x_wconf 92' lang='lat' dir='ltr'><strong>de</strong></span> <span class='ocrx_word' id='word_1_103' title='bbox 157 1987 241 2055; x_wconf 92' lang='lat' dir='ltr'><strong>Deo</strong></span> <span class='ocrx_word' id='word_1_104' title='bbox 258 1984 465 2074; x_wconf 82' lang='lat' dir='ltr'><strong>rideamus,</strong></span> <span class='ocrx_word' id='word_1_105' title='bbox 496 1990 678 2084; x_wconf 89' lang='lat' dir='ltr'><strong>quoniam</strong></span> <span class='ocrx_word' id='word_1_106' title='bbox 692 1986 779 2060; x_wconf 89' lang='lat' dir='ltr'><strong>illae</strong></span> <span class='ocrx_word' id='word_1_107' title='bbox 794 1983 866 2061; x_wconf 84' lang='lat' dir='ltr'><strong>lint</strong></span> <span class='ocrx_word' id='word_1_108' title='bbox 881 1982 1064 2058; x_wconf 81' lang='lat' dir='ltr'><strong>absurdae</strong></span> <span class='ocrx_word' id='word_1_109' title='bbox 1081 2002 1189 2082; x_wconf 81' lang='lat' dir='ltr'><strong>atque</strong></span> 
     </span>
     <span class='ocr_line' id='line_1_18' title="bbox 93 2079 709 2191; baseline 0.015 -39"><span class='ocrx_word' id='word_1_110' title='bbox 93 2079 194 2154; x_wconf 85' lang='lat' dir='ltr'><strong>inter</strong></span> <span class='ocrx_word' id='word_1_111' title='bbox 210 2082 246 2156; x_wconf 90' lang='lat' dir='ltr'><strong>se</strong></span> <span class='ocrx_word' id='word_1_112' title='bbox 262 2085 357 2181; x_wconf 89' lang='lat' dir='ltr'><strong>ipsas</strong></span> <span class='ocrx_word' id='word_1_113' title='bbox 379 2107 504 2185; x_wconf 90' lang='lat' dir='ltr'><strong>aperte</strong></span> <span class='ocrx_word' id='word_1_114' title='bbox 521 2107 709 2191; x_wconf 81' lang='lat' dir='ltr'><strong>pugnent.-</strong></span> 
     </span>
    </p>

    <p class='ocr_par' dir='ltr' id='par_1_4' title="bbox 11 2182 1197 3699">
     <span class='ocr_line' id='line_1_19' title="bbox 198 2182 1187 2285; baseline 0.008 -29"><span class='ocrx_word' id='word_1_115' title='bbox 198 2191 451 2264; x_wconf 64' lang='lat' dir='ltr'><strong>cinnanum</strong></span> <span class='ocrx_word' id='word_1_116' title='bbox 468 2191 579 2261; x_wconf 79' lang='lat' dir='ltr'><strong>Alex.</strong></span> <span class='ocrx_word' id='word_1_117' title='bbox 597 2192 700 2279; x_wconf 74' lang='grc' dir='ltr'><strong>Λόγος</strong></span> <span class='ocrx_word' id='word_1_118' title='bbox 723 2189 944 2284; x_wconf 76' lang='grc' dir='ltr'><strong>προτρεπτικὸς</strong></span> <span class='ocrx_word' id='word_1_119' title='bbox 971 2185 1054 2285; x_wconf 70' lang='grc' dir='ltr'><strong>πρὸς</strong></span> <span class='ocrx_word' id='word_1_120' title='bbox 1068 2182 1187 2279; x_wconf 64' lang='grc' dir='ltr'>Ἔλλη-</span> 
     </span>
     <span class='ocr_line' id='line_1_20' title="bbox 95 2285 1188 2389; baseline -0.002 -30"><span class='ocrx_word' id='word_1_121' title='bbox 95 2313 172 2372; x_wconf 76' lang='grc' dir='ltr'><strong><em>νας,</em></strong></span> <span class='ocrx_word' id='word_1_122' title='bbox 199 2285 309 2357; x_wconf 85' lang='lat' dir='ltr'><strong>Liber</strong></span> <span class='ocrx_word' id='word_1_123' title='bbox 326 2289 607 2364; x_wconf 76' lang='lat' dir='ltr'><strong>adhortatorias</strong></span> <span class='ocrx_word' id='word_1_124' title='bbox 626 2292 676 2362; x_wconf 84' lang='lat' dir='ltr'><strong>ad</strong></span> <span class='ocrx_word' id='word_1_125' title='bbox 692 2306 844 2389; x_wconf 79' lang='lat' dir='ltr'><strong>gentes,</strong></span> <span class='ocrx_word' id='word_1_126' title='bbox 872 2314 950 2386; x_wconf 93' lang='lat' dir='ltr'><strong>quo</strong></span> <span class='ocrx_word' id='word_1_127' title='bbox 975 2304 1112 2387; x_wconf 88' lang='lat' dir='ltr'><strong>gentes</strong></span> <span class='ocrx_word' id='word_1_128' title='bbox 1130 2310 1188 2384; x_wconf 81' lang='lat' dir='ltr'><strong>pa·</strong></span> 
     </span>
     <span class='ocr_line' id='line_1_21' title="bbox 98 2388 1188 2487; baseline -0.002 -30"><span class='ocrx_word' id='word_1_129' title='bbox 98 2412 213 2487; x_wconf 85' lang='lat' dir='ltr'><strong>ganas</strong></span> <span class='ocrx_word' id='word_1_130' title='bbox 238 2389 286 2459; x_wconf 88' lang='lat' dir='ltr'><strong>ad</strong></span> <span class='ocrx_word' id='word_1_131' title='bbox 302 2388 596 2463; x_wconf 87' lang='lat' dir='ltr'><strong>Christianorum</strong></span> <span class='ocrx_word' id='word_1_132' title='bbox 621 2392 718 2464; x_wconf 87' lang='lat' dir='ltr'><strong>sacra</strong></span> <span class='ocrx_word' id='word_1_133' title='bbox 740 2390 997 2487; x_wconf 87' lang='lat' dir='ltr'><strong>amplectenda</strong></span> <span class='ocrx_word' id='word_1_134' title='bbox 1016 2390 1188 2462; x_wconf 86' lang='lat' dir='ltr'><strong>hortator</strong></span> 
     </span>
     <span class='ocr_line' id='line_1_22' title="bbox 97 2489 1188 2587; baseline 0.001 -26"><span class='ocrx_word' id='word_1_135' title='bbox 97 2489 270 2583; x_wconf 86' lang='lat' dir='ltr'><strong>hancque</strong></span> <span class='ocrx_word' id='word_1_136' title='bbox 283 2489 322 2560; x_wconf 95' lang='lat' dir='ltr'><strong>in</strong></span> <span class='ocrx_word' id='word_1_137' title='bbox 346 2517 426 2575; x_wconf 87' lang='lat' dir='ltr'><strong>rem</strong></span> <span class='ocrx_word' id='word_1_138' title='bbox 448 2491 712 2566; x_wconf 84' lang='lat' dir='ltr'><strong>absurditatem</strong></span> <span class='ocrx_word' id='word_1_139' title='bbox 732 2510 844 2587; x_wconf 87' lang='lat' dir='ltr'><strong>atque</strong></span> <span class='ocrx_word' id='word_1_140' title='bbox 859 2492 1098 2586; x_wconf 88' lang='lat' dir='ltr'><strong>impietatem</strong></span> <span class='ocrx_word' id='word_1_141' title='bbox 1114 2512 1188 2581; x_wconf 80' lang='lat' dir='ltr'><strong>my·</strong></span> 
     </span>
     <span class='ocr_line' id='line_1_23' title="bbox 96 2584 1188 2666; baseline -0.003 -2"><span class='ocrx_word' id='word_1_142' title='bbox 96 2584 295 2664; x_wconf 79' lang='lat' dir='ltr'><strong>fieriorum</strong></span> <span class='ocrx_word' id='word_1_143' title='bbox 312 2592 551 2665; x_wconf 89' lang='lat' dir='ltr'><strong>ethnicorum</strong></span> <span class='ocrx_word' id='word_1_144' title='bbox 567 2612 603 2664; x_wconf 95' lang='lat' dir='ltr'><strong>et</strong></span> <span class='ocrx_word' id='word_1_145' title='bbox 619 2593 833 2666; x_wconf 84' lang='lat' dir='ltr'><strong>fabularum</strong></span> <span class='ocrx_word' id='word_1_146' title='bbox 851 2593 896 2664; x_wconf 85' lang='lat' dir='ltr'><strong>de</strong></span> <span class='ocrx_word' id='word_1_147' title='bbox 914 2598 1093 2664; x_wconf 90' lang='lat' dir='ltr'><strong>Deorum</strong></span> <span class='ocrx_word' id='word_1_148' title='bbox 1111 2591 1188 2663; x_wconf 89' lang='lat' dir='ltr'><strong>suo·</strong></span> 
     </span>
     <span class='ocr_line' id='line_1_24' title="bbox 97 2688 1188 2768; baseline 0.002 -5"><span class='ocrx_word' id='word_1_149' title='bbox 97 2716 185 2763; x_wconf 89' lang='lat' dir='ltr'><strong>rum</strong></span> <span class='ocrx_word' id='word_1_150' title='bbox 216 2709 304 2763; x_wconf 90' lang='lat' dir='ltr'><strong>ortu</strong></span> <span class='ocrx_word' id='word_1_151' title='bbox 333 2710 371 2764; x_wconf 91' lang='lat' dir='ltr'><strong>et</strong></span> <span class='ocrx_word' id='word_1_152' title='bbox 396 2694 553 2766; x_wconf 86' lang='lat' dir='ltr'><strong>interitu</strong></span> <span class='ocrx_word' id='word_1_153' title='bbox 584 2692 756 2768; x_wconf 84' lang='lat' dir='ltr'><strong>ostendit.</strong></span> <span class='ocrx_word' id='word_1_154' title='bbox 809 2693 1091 2766; x_wconf 87' lang='lat' dir='ltr'><strong>Sacrificiorum</strong></span> <span class='ocrx_word' id='word_1_155' title='bbox 1114 2688 1188 2765; x_wconf 79' lang='lat' dir='ltr'><strong>Diis</strong></span> 
     </span>
     <span class='ocr_line' id='line_1_25' title="bbox 95 2795 1189 2892; baseline 0.002 -29"><span class='ocrx_word' id='word_1_156' title='bbox 95 2809 348 2865; x_wconf 84' lang='lat' dir='ltr'><strong>mactatarum</strong></span> <span class='ocrx_word' id='word_1_157' title='bbox 381 2796 640 2875; x_wconf 85' lang='lat' dir='ltr'><strong>crudelitatem</strong></span> <span class='ocrx_word' id='word_1_158' title='bbox 672 2814 784 2892; x_wconf 89' lang='lat' dir='ltr'><strong>atque</strong></span> <span class='ocrx_word' id='word_1_159' title='bbox 815 2795 1082 2891; x_wconf 84' lang='lat' dir='ltr'><strong>impuritatem</strong></span> <span class='ocrx_word' id='word_1_160' title='bbox 1114 2816 1189 2889; x_wconf 82' lang='lat' dir='ltr'><strong>ptr·</strong></span> 
     </span>
     <span class='ocr_line' id='line_1_26' title="bbox 11 2888 1188 2992; baseline 0.001 -27"><span class='ocrx_word' id='word_1_161' title='bbox 11 2964 14 2969; x_wconf 87' lang='grc'>,</span> <span class='ocrx_word' id='word_1_162' title='bbox 97 2888 245 2991; x_wconf 88' lang='lat' dir='ltr'><strong>stringit</strong></span> <span class='ocrx_word' id='word_1_163' title='bbox 273 2919 315 2964; x_wconf 90' lang='lat' dir='ltr'><strong>ac</strong></span> <span class='ocrx_word' id='word_1_164' title='bbox 347 2920 460 2991; x_wconf 89' lang='lat' dir='ltr'><strong>quam</strong></span> <span class='ocrx_word' id='word_1_165' title='bbox 488 2896 644 2968; x_wconf 87' lang='lat' dir='ltr'><strong>absurda</strong></span> <span class='ocrx_word' id='word_1_166' title='bbox 668 2897 868 2992; x_wconf 89' lang='lat' dir='ltr'><strong>turpiaque</strong></span> <span class='ocrx_word' id='word_1_167' title='bbox 891 2892 962 2966; x_wconf 86' lang='lat' dir='ltr'><strong>lint</strong></span> <span class='ocrx_word' id='word_1_168' title='bbox 988 2890 1188 2976; x_wconf 68' lang='lat' dir='ltr'><strong>simulacre.</strong></span> 
     </span>
     <span class='ocr_line' id='line_1_27' title="bbox 99 2991 1197 3087; baseline 0.003 -25"><span class='ocrx_word' id='word_1_169' title='bbox 99 2992 237 3087; x_wconf 90' lang='lat' dir='ltr'><strong>quibus</strong></span> <span class='ocrx_word' id='word_1_170' title='bbox 253 2998 355 3067; x_wconf 86' lang='lat' dir='ltr'><strong>Deos</strong></span> <span class='ocrx_word' id='word_1_171' title='bbox 372 2996 460 3068; x_wconf 86' lang='lat' dir='ltr'><strong>suos</strong></span> <span class='ocrx_word' id='word_1_172' title='bbox 478 3002 632 3084; x_wconf 89' lang='lat' dir='ltr'><strong>colunt,</strong></span> <span class='ocrx_word' id='word_1_173' title='bbox 658 2998 773 3071; x_wconf 89' lang='lat' dir='ltr'><strong>addit.</strong></span> <span class='ocrx_word' id='word_1_174' title='bbox 825 3002 884 3069; x_wconf 84' lang='lat' dir='ltr'><strong>Ex</strong></span> <span class='ocrx_word' id='word_1_175' title='bbox 899 2994 974 3067; x_wconf 93' lang='lat' dir='ltr'><strong>hoc</strong></span> <span class='ocrx_word' id='word_1_176' title='bbox 991 2991 1197 3069; x_wconf 75' lang='lat' dir='ltr'><strong>Clementis·</strong></span> 
     </span>
     <span class='ocr_line' id='line_1_28' title="bbox 98 3097 1190 3196; baseline 0.003 -32"><span class='ocrx_word' id='word_1_177' title='bbox 98 3097 332 3192; x_wconf 85' lang='lat' dir='ltr'><strong>Protreptico</strong></span> <span class='ocrx_word' id='word_1_178' title='bbox 347 3099 562 3172; x_wconf 79' lang='lat' dir='ltr'><strong>Annoarus</strong></span> <span class='ocrx_word' id='word_1_179' title='bbox 578 3101 701 3171; x_wconf 85' lang='lat' dir='ltr'><strong>multa</strong></span> <span class='ocrx_word' id='word_1_180' title='bbox 721 3100 761 3171; x_wconf 94' lang='lat' dir='ltr'><strong>in</strong></span> <span class='ocrx_word' id='word_1_181' title='bbox 780 3097 899 3171; x_wconf 86' lang='lat' dir='ltr'><strong>libros</strong></span> <span class='ocrx_word' id='word_1_182' title='bbox 916 3097 1005 3169; x_wconf 84' lang='lat' dir='ltr'><strong>suos</strong></span> <span class='ocrx_word' id='word_1_183' title='bbox 1024 3097 1096 3171; x_wconf 86' lang='lat' dir='ltr'><strong>Ad</strong></span> <span class='ocrx_word' id='word_1_184' title='bbox 1109 3116 1190 3196; x_wconf 81' lang='lat' dir='ltr'><strong>gert-</strong></span> 
     </span>
     <span class='ocr_line' id='line_1_29' title="bbox 102 3197 1189 3274; baseline 0.002 -10"><span class='ocrx_word' id='word_1_185' title='bbox 102 3209 156 3267; x_wconf 85' lang='lat' dir='ltr'><strong>tes</strong></span> <span class='ocrx_word' id='word_1_186' title='bbox 183 3199 386 3272; x_wconf 86' lang='lat' dir='ltr'><strong>transtulit.</strong></span> <span class='ocrx_word' id='word_1_187' title='bbox 438 3205 484 3271; x_wconf 91' lang='lat' dir='ltr'><strong>ln</strong></span> <span class='ocrx_word' id='word_1_188' title='bbox 509 3200 615 3274; x_wconf 87' lang='lat' dir='ltr'><strong>libris</strong></span> <span class='ocrx_word' id='word_1_189' title='bbox 643 3204 878 3273; x_wconf 84' lang='lat' dir='ltr'><strong>Stromatum</strong></span> <span class='ocrx_word' id='word_1_190' title='bbox 903 3197 1112 3271; x_wconf 89' lang='lat' dir='ltr'><strong>Clementis</strong></span> <span class='ocrx_word' id='word_1_191' title='bbox 1133 3197 1189 3267; x_wconf 81' lang='lat' dir='ltr'><strong>ha·</strong></span> 
     </span>
     <span class='ocr_line' id='line_1_30' title="bbox 99 3294 1190 3399; baseline -0.001 -32"><span class='ocrx_word' id='word_1_192' title='bbox 99 3294 238 3370; x_wconf 83' lang='lat' dir='ltr'><strong>beatur</strong></span> <span class='ocrx_word' id='word_1_193' title='bbox 260 3324 414 3395; x_wconf 87' lang='lat' dir='ltr'><strong>quoque</strong></span> <span class='ocrx_word' id='word_1_194' title='bbox 436 3324 520 3373; x_wconf 94' lang='lat' dir='ltr'><strong>non</strong></span> <span class='ocrx_word' id='word_1_195' title='bbox 544 3326 682 3398; x_wconf 89' lang='lat' dir='ltr'><strong>pauca,</strong></span> <span class='ocrx_word' id='word_1_196' title='bbox 719 3327 814 3399; x_wconf 89' lang='lat' dir='ltr'><strong>quae</strong></span> <span class='ocrx_word' id='word_1_197' title='bbox 840 3300 888 3371; x_wconf 85' lang='lat' dir='ltr'><strong>ad</strong></span> <span class='ocrx_word' id='word_1_198' title='bbox 913 3294 1190 3397; x_wconf 80' lang='lat' dir='ltr'><strong>impugnandos</strong></span> 
     </span>
     <span class='ocr_line' id='line_1_31' title="bbox 101 3397 1191 3501; baseline -0.001 -32"><span class='ocrx_word' id='word_1_199' title='bbox 101 3400 274 3472; x_wconf 88' lang='lat' dir='ltr'><strong>Deorum</strong></span> <span class='ocrx_word' id='word_1_200' title='bbox 299 3403 464 3474; x_wconf 90' lang='lat' dir='ltr'><strong>cultores</strong></span> <span class='ocrx_word' id='word_1_201' title='bbox 490 3420 528 3474; x_wconf 93' lang='lat' dir='ltr'><strong>et</strong></span> <span class='ocrx_word' id='word_1_202' title='bbox 549 3402 597 3473; x_wconf 88' lang='lat' dir='ltr'><strong>ad</strong></span> <span class='ocrx_word' id='word_1_203' title='bbox 622 3403 815 3501; x_wconf 83' lang='lat' dir='ltr'><strong>religionis</strong></span> <span class='ocrx_word' id='word_1_204' title='bbox 834 3397 1053 3473; x_wconf 83' lang='lat' dir='ltr'><strong>christianae</strong></span> <span class='ocrx_word' id='word_1_205' title='bbox 1068 3399 1191 3471; x_wconf 82' lang='lat' dir='ltr'><strong>verita·</strong></span> 
     </span>
     <span class='ocr_line' id='line_1_32' title="bbox 43 3498 1191 3600; baseline 0.007 -37"><span class='ocrx_word' id='word_1_206' title='bbox 43 3552 51 3563; x_wconf 86' lang='lat'><strong>.</strong></span> <span class='ocrx_word' id='word_1_207' title='bbox 100 3512 202 3585; x_wconf 89' lang='lat' dir='ltr'><strong>tem,</strong></span> <span class='ocrx_word' id='word_1_208' title='bbox 230 3500 471 3600; x_wconf 87' lang='lat' dir='ltr'><strong>dignitatern,</strong></span> <span class='ocrx_word' id='word_1_209' title='bbox 496 3499 738 3591; x_wconf 80' lang='lat' dir='ltr'><strong>vetustatem,</strong></span> <span class='ocrx_word' id='word_1_210' title='bbox 763 3503 877 3577; x_wconf 84' lang='lat' dir='ltr'><strong>fidem</strong></span> <span class='ocrx_word' id='word_1_211' title='bbox 894 3498 1191 3574; x_wconf 78' lang='lat' dir='ltr'><strong>confirmandam</strong></span> 
     </span>
     <span class='ocr_line' id='line_1_33' title="bbox 101 3598 1023 3699; baseline 0.014 -29"><span class='ocrx_word' id='word_1_212' title='bbox 101 3598 273 3672; x_wconf 89' lang='lat' dir='ltr'><strong>uberiora</strong></span> <span class='ocrx_word' id='word_1_213' title='bbox 288 3600 539 3699; x_wconf 78' lang='lat' dir='ltr'><strong>suppeditant.</strong></span> <span class='ocrx_word' id='word_1_214' title='bbox 1016 3640 1023 3647; x_wconf 96' lang='lat'>·</span> 
     </span>
    </p>

    <p class='ocr_par' dir='ltr' id='par_1_5' title="bbox 101 3698 1195 4211">
     <span class='ocr_line' id='line_1_34' title="bbox 204 3698 1194 3804; baseline -0.002 -29"><span class='ocrx_word' id='word_1_215' title='bbox 204 3705 411 3777; x_wconf 76' lang='lat' dir='ltr'><strong>Oaloattts</strong></span> <span class='ocrx_word' id='word_1_216' title='bbox 437 3704 540 3778; x_wconf 85' lang='lat' dir='ltr'><strong>Libri</strong></span> <span class='ocrx_word' id='word_1_217' title='bbox 556 3710 600 3778; x_wconf 87' lang='lat' dir='ltr'><em>V</em></span> <span class='ocrx_word' id='word_1_218' title='bbox 595 3711 664 3776; x_wconf 87' lang='lat' dir='ltr'><strong>III</strong></span> <span class='ocrx_word' id='word_1_219' title='bbox 684 3720 814 3777; x_wconf 84' lang='lat' dir='ltr'><strong>contra</strong></span> <span class='ocrx_word' id='word_1_220' title='bbox 839 3698 1001 3804; x_wconf 72' lang='lat' dir='ltr'><strong>Celsum,</strong></span> <span class='ocrx_word' id='word_1_221' title='bbox 1028 3698 1194 3776; x_wconf 84' lang='lat' dir='ltr'><strong>Philoso-</strong></span> 
     </span>
     <span class='ocr_line' id='line_1_35' title="bbox 101 3798 1194 3902; baseline 0 -31"><span class='ocrx_word' id='word_1_222' title='bbox 101 3798 223 3896; x_wconf 90' lang='lat' dir='ltr'><strong>phum</strong></span> <span class='ocrx_word' id='word_1_223' title='bbox 246 3804 473 3899; x_wconf 88' lang='lat' dir='ltr'><strong>Epicureum</strong></span> <span class='ocrx_word' id='word_1_224' title='bbox 499 3810 560 3880; x_wconf 87' lang='lat' dir='ltr'><strong>vel</strong></span> <span class='ocrx_word' id='word_1_225' title='bbox 577 3808 920 3902; x_wconf 86' lang='lat' dir='ltr'><strong>Neoplatonicum,</strong></span> <span class='ocrx_word' id='word_1_226' title='bbox 944 3830 1018 3901; x_wconf 89' lang='lat' dir='ltr'><strong>pro</strong></span> <span class='ocrx_word' id='word_1_227' title='bbox 1045 3804 1194 3878; x_wconf 82' lang='lat' dir='ltr'><strong>veritate</strong></span> 
     </span>
     <span class='ocr_line' id='line_1_36' title="bbox 102 3903 1195 4004; baseline 0.001 -31"><span class='ocrx_word' id='word_1_228' title='bbox 102 3903 298 4001; x_wconf 86' lang='lat' dir='ltr'><strong>religionis</strong></span> <span class='ocrx_word' id='word_1_229' title='bbox 319 3905 551 3995; x_wconf 87' lang='lat' dir='ltr'><strong>christianae,</strong></span> <span class='ocrx_word' id='word_1_230' title='bbox 585 3934 684 4004; x_wconf 88' lang='lat' dir='ltr'><strong>opus</strong></span> <span class='ocrx_word' id='word_1_231' title='bbox 701 3910 931 4004; x_wconf 86' lang='lat' dir='ltr'><strong>praeclarum</strong></span> <span class='ocrx_word' id='word_1_232' title='bbox 949 3908 1135 4003; x_wconf 85' lang='lat' dir='ltr'><strong>omnique</strong></span> <span class='ocrx_word' id='word_1_233' title='bbox 1151 3906 1195 3976; x_wconf 87' lang='lat' dir='ltr'><strong>le·</strong></span> 
     </span>
     <span class='ocr_line' id='line_1_37' title="bbox 104 4003 1194 4105; baseline 0.001 -31"><span class='ocrx_word' id='word_1_234' title='bbox 104 4003 232 4077; x_wconf 88' lang='lat' dir='ltr'><strong>ctione</strong></span> <span class='ocrx_word' id='word_1_235' title='bbox 265 4005 442 4105; x_wconf 84' lang='lat' dir='ltr'><strong>dignum,</strong></span> <span class='ocrx_word' id='word_1_236' title='bbox 478 4034 557 4105; x_wconf 93' lang='lat' dir='ltr'><strong>quo</strong></span> <span class='ocrx_word' id='word_1_237' title='bbox 576 4010 721 4093; x_wconf 87' lang='lat' dir='ltr'><strong>omnia,</strong></span> <span class='ocrx_word' id='word_1_238' title='bbox 750 4034 845 4105; x_wconf 88' lang='lat' dir='ltr'><strong>quae</strong></span> <span class='ocrx_word' id='word_1_239' title='bbox 867 4004 1083 4079; x_wconf 82' lang='lat' dir='ltr'><strong>Christianis</strong></span> <span class='ocrx_word' id='word_1_240' title='bbox 1111 4026 1194 4077; x_wconf 83' lang='lat' dir='ltr'><strong>tuno</strong></span> 
     </span>
     <span class='ocr_line' id='line_1_38' title="bbox 104 4105 1160 4211; baseline 0.006 -38"><span class='ocrx_word' id='word_1_241' title='bbox 104 4105 289 4203; x_wconf 86' lang='lat' dir='ltr'><strong>temporis</strong></span> <span class='ocrx_word' id='word_1_242' title='bbox 306 4110 454 4205; x_wconf 84' lang='lat' dir='ltr'><strong>opponi</strong></span> <span class='ocrx_word' id='word_1_243' title='bbox 470 4110 649 4199; x_wconf 87' lang='lat' dir='ltr'><strong>solebant,</strong></span> <span class='ocrx_word' id='word_1_244' title='bbox 678 4111 877 4211; x_wconf 87' lang='lat' dir='ltr'><strong>diligenter</strong></span> <span class='ocrx_word' id='word_1_245' title='bbox 895 4109 1160 4182; x_wconf 86' lang='lat' dir='ltr'><strong>discutiuntur.</strong></span> 
     </span>
    </p>
   </div>
   <div class='ocr_carea' id='block_1_3' title="bbox 0 0 1294 4724">
    <p class='ocr_par' dir='ltr' id='par_1_6' title="bbox 0 0 1294 4724">
     <span class='ocr_line' id='line_1_39' title="bbox 0 0 1294 4724; baseline 0 0"><span class='ocrx_word' id='word_1_246' title='bbox 0 0 1294 4724; x_wconf 95' lang='lat' dir='ltr'><strong> </strong></span> 
     </span>
    </p>
   </div>
  </div>
 </body>
</html>
