2542 4724
435 302 580 377 Car.
628 302 658 373 1.
718 300 751 391 §.
790 304 826 373 7.
1134 304 1184 373 77

85 490 213 566 studio
233 508 350 587 atque
365 470 604 592 ac⁸ourationo
622 489 811 561 elaborata
838 505 875 573 et
895 485 1184 583 compositaest.

85 600 179 667 Orto
202 594 315 664 Libri
338 593 427 663 sunt
451 592 582 687 Operis
604 590 736 663 huius:
762 615 884 685 neque
902 592 1027 661 ullum
1044 589 1090 661 de
1106 592 1187 663 Au·

86 693 260 794 gustino,
289 695 370 766 eius
389 690 497 777 fatis,
532 690 681 778 studiis,
715 689 1000 775 controversiis,
1027 690 1184 786 scriptis,
1248 740 1251 745 ·

85 798 193 869 rebus
236 795 324 868 aliis
357 794 564 891 quidquam
606 793 970 871 commemoratione
1008 791 1182 891 dignum,

84 894 385 995 praetermiss'um
407 891 466 967 eft.
482 894 518 984 *)

181 1012 456 1123 Augustirriani
470 1024 638 1129 Annales
652 1016 686 1123 s
707 1014 974 1122 Compendiosa
993 1025 1030 1093 S.
1048 1022 1182 1118 Augu·

74 1118 161 1221 fiini
187 1130 311 1211 Vita,
345 1149 430 1223 cum
453 1116 534 1223 suis
561 1149 747 1199 armorum
780 1127 896 1207 notis3
944 1141 1041 1195 auct.
1072 1129 1180 1193 Luu.

82 1233 238 1299 Sanun.
256 1230 462 1309 Rounnu3
489 1243 574 1296 ante
588 1228 642 1295 D.
659 1224 787 1299 Aurei.
804 1214 1068 1322 Augustini-
1085 1223 1182 1295 Con·

75 1320 281 1441 sfformm
298 1324 404 1396 Libo.
426 1328 536 1396 ΧΙΙΙ.
570 1332 650 1397 Par.
667 1325 779 1399 1776.
806 1326 865 1399 12.

153 1486 162 1495 ·
180 1458 256 1525 Fn.
272 1456 412 1524 Minu
429 1454 711 1553 Eriunenmgen
730 1478 779 1523 an
796 1450 831 1522 d.
847 1449 928 1523 hert.
939 1441 1181 1551 Augustinus.

85 1556 206 1629 Berol.
227 1552 342 1627 1809.
369 1554 405 1627 8.
433 1552 475 1643 (8
493 1552 566 1650 gr.)
601 1556 606 1561 ’
892 1554 899 1569 “
997 1608 1001 1613 .

156 1686 312 1752 Praeter
327 1678 419 1764 hos,
448 1679 511 1749 alii
538 1680 743 1777 Scriptores
768 1678 875 1754 Vitae
897 1676 1097 1780 Augustini
1118 1679 1182 1751 ad·

86 1784 280 1855 ducuntur
296 1800 412 1878 atque
425 1781 467 1853 in
483 1781 541 1854 his
556 1783 825 1855 nominantur:
1150 1788 1155 1794 '

178 1914 548 1993 humavimus,
577 1914 647 1981 Gn.
666 1910 945 1995 Mummi,
969 1917 1072 1983 Gna.
1087 1913 1180 1981 Mo·

87 2008 206 2096 nire,
226 2016 335 2081 Len.
352 2029 409 2080 ns
424 2010 602 2095 Auens,
618 2016 766 2084 Maur.
779 2016 1014 2098 cosumus,
1029 2018 1180 2084 Manu.

82 2118 282 2196 fureur,
321 2115 515 2207 Stucnuz
542 2131 598 2182 uu
625 2114 785 2198 Aviti,
821 2113 1005 2209 aquibus
1027 2138 1071 2184 ae
1094 2112 1181 2184 reli⁴

84 2216 164 2309 quis
178 2210 419 2287 recensendis
437 2211 573 2285 merito
593 2208 839 2299 abstinemus,
866 2216 925 2286 uti
941 2232 978 2287 et
995 2214 1039 2285 ab
1055 2219 1182 2285 Enco·

82 2310 218 2387 miritis
255 2308 470 2411 Augustini.
489 2310 550 2406 ’8)
622 2318 851 2387 Enarramus
879 2313 1180 2415 potius,scripta‚

83 2416 217 2513 quibus
234 2412 438 2513 singularia
452 2413 498 2488 de
507 2410 721 2515 Augustino
742 2432 963 2514 argumenta
979 2415 1180 2511 explanan-

80 2534 157 2603 tur,
175 2533 686 2789 :clialgzstguerileilrigiiiaigesch
712 2643 782 2692 aus
795 2611 924 2720 seium
943 2609 1181 2716 Bekenntnis·

72 2714 134 2821 [en
146 2742 339 2821 gezogeu
373 2722 456 2791 Lau
484 2719 539 2793 ab.
558 2720 668 2794 1800.
695 2719 732 2795 8.
760 2720 828 2810 (12
845 2721 920 2820 gr.)

178 2852 256 2918 Gr.
271 2847 325 2919 Η.
342 2849 517 2933 Gonnzn
533 2849 585 2917 D.
603 2835 683 2943 hist.
699 2845 746 2917 de
760 2848 938 2933 Monica,
963 2860 1085 2941 matre
1098 2846 1180 2918 Au·

77 2936 225 3047 gafiinr'.
256 2945 531 3020 Lubeo.1712.
555 2945 592 3021 4.
1060 2998 1064 3005 -

176 3080 299 3147 lusus
324 3078 571 3147 Ponuntur
596 3066 702 3177 Disq.
730 3070 783 3147 de‘
801 3098 956 3170 corpore
980 3072 1019 3144 S.
1034 3070 1180 3173 'Augu-

72 3166 176 3273 ftini,
210 3176 335 3245 Ticini
351 3189 516 3270 reperw,
542 3178 656 3257 Rom.
675 3176 786 3251 1728.
812 3172 849 3248 4.
902 3178 1029 3275 Quum
1049 3178 1181 3273 Augu-

81 3274 230 3349 fiiniani
254 3275 442 3349 Monarhi
469 3274 613 3349 famam
643 3268 939 3363 dilieminarent,
978 3272 1181 3375 Augustini

84 3376 299 3475 [epulorum
325 3402 538 3473 corpusque
563 3376 689 3450 Ticini
718 3396 910 3475 repertum
939 3376 1027 3465 effe,
1066 3373 1181 3448 multi

86 3498 228 3563 sutem,
259 3478 303 3549 in
319 3477 398 3572 ipsa
414 3477 544 3563 Italia,
570 3477 691 3551 immo
712 3479 754 3549 in
770 3478 864 3551 urbe
882 3478 1041 3562 Ticino,
1068 3499 1180 3573 nega·
1216 3506 1230 3517 ·

82 3600 180 3663 reat,
207 3580 288 3651 boc
305 3576 376 3651 effe
396 3576 609 3673 sepulcrum
633 3584 669 3653 S.
687 3579 787 3665 Viri,
822 3594 955 3653 auctor
980 3580 1080 3651 dicta
1107 3576 1181 3647 dis·

86 3678 285 3775 quintiane
309 3702 443 3755 omnes
464 3680 561 3755 vires
581 3679 687 3755 adid
705 3680 897 3767 adhibuit,
924 3697 969 3752 ut
991 3680 1074 3751 aliis
1097 3702 1181 3773 per.

92 3842 292 3867 Q-

123 3934 265 4003 ')Vitaur
289 3936 371 3993 beno
394 3940 557 3995 Aususruu
576 3938 729 4009 Operum,
761 3955 839 4016 quas
859 3952 930 3993 eura
950 3926 1180 4013 Monaeboruut

150 4002 300 4062 haedus.
317 4006 514 4080 prodierunt,
540 4010 628 4066 Tem.
642 4005 699 4063 xl.
717 4008 789 4068 edit.
805 4013 948 4081 Antverp.
962 4003 1182 4078 complectitur.

151 4071 210 4129 cfr.
229 4078 305 4130 Aeta
324 4075 487 4132 Eruditor.
505 4094 533 4132 a.
551 4080 627 4136 1701.
644 4093 675 4150 p.
690 4080 749 4135 148.

126 4164 163 4231 ’ῒ
179 4164 250 4227 virt.
268 4167 409 4228 Fuucn
426 4166 503 4227 aut
522 4167 577 4226 lat.
594 4167 654 4238 tu,
671 4172 731 4228 519.
