2542 4724
403 260 546 333 ora.
583 256 681 331 vm
736 253 861 340 §.82
1108 252 1185 334 483

83 442 261 523 inslltttto
274 452 360 519 'non
377 442 585 543 exegetica,
611 440 675 513 sed
691 439 905 539 dogmatica
933 466 976 517 ao
990 445 1178 541 polemico

82 565 262 627 enarrant
277 572 321 618 ao
335 571 453 640 quum
469 544 574 639 saepe
594 544 641 614 ad
658 544 883 639 scripturam
901 549 934 616 S.
949 570 1176 641 provocant,
1206 552 1211 567 ’

83 676 169 727 eam
186 649 305 721 modo
322 646 521 744 allegorico
536 646 838 740 interpretantur.
872 650 1064 743 Exempla,
1082 676 1177 747 quae

82 752 163 825 hoc
186 756 371 845 probant,
412 753 644 830 irenaeus,
686 752 1041 835 Tearonnranus,
1074 758 1176 827 Car.

84 876 204 925 mens
223 850 354 932 Alex„
383 854 617 918 Crenranus
645 864 756 941 atque
773 846 835 917 alii
854 848 1038 922 exhibent.
1092 860 1176 927 Stu·
1222 844 1228 861 ’
1255 844 1260 873 '

86 953 195 1025 dium
205 970 330 1023 tamen
343 948 663 1043 interpretationis
680 947 897 1045 allegoricae
908 967 1057 1023 tantum
1068 953 1176 1031 fuisse

85 1051 192 1149 apud
207 1058 331 1123 Patres
347 1052 438 1133 hos,
466 1066 508 1117 ut
532 1048 590 1118 illi
611 1047 757 1119 sensum
772 1048 970 1124 litteralem
986 1055 1096 1147 plane
1111 1084 1177 1131 ne-
1228 1110 1234 1135 -,

86 1155 284 1255 gligerent,
301 1176 421 1245 neque
431 1146 846 1244 existimandumneque
856 1150 1056 1227 dicendum
1067 1155 1127 1229 est.
1136 1152 1201 1253 *¹)
1226 1150 1233 1181 ²

85 1250 318 1329 Exstiterunt
340 1251 498 1321 omnino
514 1250 611 1320 inter
628 1274 713 1334 eos,
739 1250 806 1345 qui
820 1250 1061 1350 indagarent,
1087 1284 1178 1354 qua.

87 1356 167 1429 lem
184 1352 402 1425 sententiam
419 1351 529 1421 verba
544 1377 610 1445 per
625 1351 835 1422 naturalem
849 1347 1084 1450 fignificandi
1097 1364 1177 1439 vim
1214 1434 1219 1441 ,

88 1456 196 1529 suam
212 1455 393 1551 prodant,
420 1452 459 1522 id
477 1452 581 1546 quod
598 1457 886 1524 Hianotrrruus
912 1459 1083 1553 exemplo
1106 1462 1176 1537 suo

88 1556 311 1641 confirmat,
336 1579 410 1624 una
430 1554 803 1640 cumhuousr11r0‚
830 1553 997 1629 eiusdem
1010 1560 1064 1632 rei
1079 1559 1179 1639 teste.

192 1688 272 1755 Nec
286 1683 395 1777 plane
414 1677 675 1775 approbandae
691 1675 779 1749 sunt
794 1672 1054 1778 Digreffiones‚
1084 1708 1177 1783 quas

89 1788 220 1859 Patres
233 1808 313 1853 non
327 1807 410 1854 raro
429 1780 598 1851 fecerunt
615 1796 726 1875 atque
742 1804 762 1849 a
779 1780 880 1852 dicto
899 1783 1014 1871 sacro,
1041 1787 1082 1859 in
1099 1816 1178 1887 quo

93 1883 377 1979 interpretando
423 1881 636 1967 versantur,
687 1878 918 1955 occasionem
957 1886 1179 1982 sumserunt,

92 1984 236 2085 dogma
253 1983 445 2083 religionis
463 1978 609 2054 nostrae
626 1982 861 2077 explanandi,
886 1986 945 2055 vel
958 1986 1183 2067 adversario-

89 2112 181 2159 rum
195 2110 336 2157 errores
352 2082 585 2156 confutandi.
640 2083 817 2179 Quamvis
828 2083 929 2157 enirn
945 2087 990 2159 ab
1001 2089 1048 2161 iia
1059 2100 1181 2171 multa

91 2187 280 2285 praeclare
312 2205 422 2281 atque
452 2184 595 2257 utiliter
626 2184 724 2255 dieta
752 2182 844 2269 lint,
882 2183 1021 2260 iustum
1054 2211 1181 2272 tamen

91 2286 255 2361 modurn
278 2287 469 2359 interdum
491 2284 692 2386 negligunt
713 2300 825 2380 atque
838 2285 878 2355 in
896 2285 1179 2385 digreshonibua

93 2389 289 2487 longiores
310 2387 414 2473 sunt,
440 2412 553 2482 quam
575 2412 616 2457 ιιι
631 2412 672 2458 re
688 2384 763 2480 ipsa
782 2387 998 2481 principali,
1023 2389 1097 2466 five
1118 2422 1181 2471 ex.

90 2486 282 2587 positione
309 2488 417 2574 dicti,
451 2512 555 2559 nune
576 2483 811 2558 instituenda.
865 2491 1021 2585 Qualem
1041 2492 1182 2593 fignifi-

94 2589 206 2663 eandi
230 2592 309 2662 vim
333 2611 447 2662 voces
471 2590 655 2673 habeant,
687 2586 760 2659 five
782 2586 966 2684 srmplioes
988 2592 1075 2669 illae
1096 2596 1182 2689 sint,

93 2688 170 2765 live
194 2690 418 2763 coniunctae
454 2716 541 2761 cum
565 2690 669 2774 aliis,
704 2713 784 2760 non
812 2690 1009 2790 diligenter
1029 2678 1185 2799 indaga.

93 2809 187 2867 runt
210 2792 360 2887 hocque
383 2817 464 2862 non
494 2793 600 2863 aliter
624 2790 704 2862 fieri
729 2790 859 2885 potuit
918 2798 1046 2868 Patres
1069 2802 1182 2889 enim,

93 2892 334 2991 errigenem
352 2918 393 2964 ac
404 2893 685 2985 Hieronymum
701 2891 939 2986 excipiamus,
965 2896 1184 2994 linguarum

95 2994 200 3067 haud
223 2993 334 3089 periti
360 3011 482 3078 erant,
509 2993 549 3063 id
575 2992 678 3089 quod
703 3010 808 3063 antea
832 2994 983 3067 uberius
1000 2998 1183 3074 edisserui·

94 3118 194 3167 mus.
248 3095 382 3167 Omnia
404 3096 511 3177 haec,
539 3120 633 3188 quae
658 3093 738 3163 iure
763 3093 802 3163 in
820 3099 973 3167 Patrum
989 3098 1183 3201 theologia

96 3195 286 3297 exegetica
300 3194 520 3291 reprehendi
534 3193 835 3289 pertententur,
859 3218 941 3267 non
955 3196 1181 3293 impediunt,

98 3320 178 3395 quo
195 3296 322 3367 minua
339 3322 404 3368 eos
420 3294 614 3368 laudemur
630 3322 684 3381 ao,
708 3295 859 3389 quando
875 3296 1186 3377 haudrecteScri·

96 3416 229 3497 pturas
249 3397 393 3471 divinar
409 3397 643 3495 interpretati
660 3398 757 3482 sunt,
784 3397 1009 3471 excusemus.
1059 3408 1185 3502 Repu.

94 3578 332 3603 W

162 3664 317 3735 religionis
343 3638 528 3731 christianae.
573 3656 669 3716 Ulm‘!
687 3656 785 3729 sunt.
817 3666 975 3727 laudanda
1017 3682 1091 3741 unt,
1122 3696 1185 3737 non

157 3752 266 3873 gregog
283 3742 320 3856 al
340 3754 502 3807 nunquam
527 3729 590 3789 eius
615 3733 811 3805 necessitatis,
844 3758 938 3809 quarn
960 3736 986 3807 fi
1006 3744 1019 3797 i
1041 3749 1189 3806 nonnulli

180 3820 305 3857 amman
320 3842 328 3856 .

125 3900 157 3967 ⁰)
177 3896 245 3949 Vld.
263 3896 310 3951 De
329 3896 452 3971 lllstrolt'
474 3904 502 3951 es
530 3892 652 4017 mpllsco
667 3896 765 3967 sensu
788 3898 961 3967 Sct'spsume
981 3904 1009 3959 S.
1027 3920 1068 3959 ez·
1087 3917 1187 3965 menn

164 3964 296 4019 Petrum
314 3965 397 4031 Lm,
423 3965 521 4022 Inter.
575 3968 647 4018 ’arrh
667 3971 740 4023 1737.
761 3972 785 4021 8.
813 3972 896 4021 cuins
916 3970 1098 4031 luculentam
1117 3978 1140 4030 P.
1164 3982 1187 4033 i.

158 4040 263 4087 tomen
290 4033 371 4085 «ledit
397 4034 469 4091 Gan.
496 4054 531 4092 or
557 4053 596 4091 ιι
621 4032 686 4089 ilua
710 4034 844 4103 l’rutfirt.
873 4039 916 4090 ml
943 4038 1009 4096 s'ol.
1035 4040 1081 4100 11.
1115 4046 1187 4105 tit.

161 4102 239 4174 Opp.
259 4100 406 4175 Origene).

826 4178 873 4251 31
901 4178 922 4225 ⁴²
