2542 4724
420 296 454 373 G
481 319 506 369 a
534 320 570 370 a.
606 299 654 370 11.
708 296 753 387 §..
772 299 830 372 13.
1091 307 1162 381 111
1256 358 1263 379 .

34 490 166 563 eodd.
200 489 333 589 regiis
357 482 634 586 elegantissimis
652 485 862 573 litterarum
880 472 1014 561 fonnis
1033 489 1164 562 descri-

33 612 152 687 ptos,
195 593 309 663 iuria
329 589 473 685 publici
492 587 602 674 fecit,
628 593 707 658 Par.
728 587 839 663 1544.
863 588 953 673 fols
979 576 1093 664 Liber
1118 594 1165 666 de

37 690 318 793 Martyribus
326 681 572 786 Palaestinae,
601 690 669 783 qui
686 684 834 762 Eusebii
848 682 1037 787 Historiae
1054 694 1164 764 eccle·
1192 734 1195 745 ·

29 786 247 894 posticae,
287 818 311 865 a
329 793 518 887 Stephano
536 818 590 889 gr.
609 791 649 860 iu
673 792 797 863 lucem
816 790 978 878 emillae,
1015 793 1164 866 subiici·

41 916 124 979 ²⁰¹3
165 896 226 969 de
258 896 363 964 Vita
390 883 620 984 Constantini
643 893 786 990 Magni
816 893 1027 978 Lihb.IV.,
1063 912 1164 990 quba

40 998 147 1071 idem
172 997 405 1091 Stephanus
428 994 573 1088 primus
596 1018 650 1091 gr.
677 1019 707 1066 c.
733 985 898 1090 Historia
925 987 1162 1094 ecclefiastica

41 1098 256 1198 vulgavit,
287 1101 370 1167 Par.
387 1092 499 1169 1544.
519 1093 590 1166 fol.

147 1198 270 1271 addi
285 1192 410 1292 potest
426 1200 540 1267 Henr.
558 1195 779 1292 Stephanus,
805 1195 905 1269 filius
921 1197 1090 1286 Roberti,
1115 1223 1176 1274 ex*

45 1302 158 1373 mim
179 1296 353 1371 officina
368 1297 609 1393 prodierunt:

152 1404 521 1484 Aruanaaoata,
549 1394 802 1482 Atheniensis,
827 1398 1048 1494 Philosophi
1066 1401 1162 1473 chri-

51 1498 181 1586 hinni,
219 1499 390 1571 Libelli:
424 1500 517 1571 alter
537 1501 732 1598 Apologia
751 1524 821 1594 pro
846 1492 1079 1597 Christianis,
1112 1503 1161 1574 ad

52 1608 178 1699 supp.
199 1601 454 1673 Antoninum
477 1618 513 1672 et
528 1600 802 1685 Commodum,
830 1626 884 1699 gr.
911 1627 940 1673 c.
965 1603 1159 1697 interpret.

53 1705 118 1775 lat.
142 1710 268 1775 conr.
298 1702 450 1773 Gesneri
473 1701 660 1796 huiusque
685 1722 727 1774 ac
749 1707 865 1773 Henr.
889 1704 1067 1799 Stephani
1093 1724 1160 1775 au·

55 1822 157 1875 nott.
184 1803 439 1898 eiusdemque
463 1804 792 1875 Arusnaaonau
809 1803 977 1877 Libellus
1002 1803 1160 1877 alteria

57 1898 347 2023 helmectione
360 1918 603 1989 mortuorum,
632 1929 698 2003 ga,
725 1929 754 1977 a.
774 1904 865 1990 vers,
880 1907 945 1976 lat.
961 1911 1039 1979 Pet.
1056 1913 1159 1979 Nan·

58 2006 116 2079 uit
130 2024 172 2081 et
184 2010 312 2079 Henr.
329 2006 507 2102 Stephani
522 2006 645 2091 notis,
675 2012 754 2077 Par.
774 2005 884 2081 1557.
911 2008 947 2080 8.

158 2112 224 2179 lo.
239 2104 442 2181 Frobenius
456 2107 624 2179 nominis
641 2105 781 2178 famam
790 2104 856 2177 sibi
865 2106 1058 2204 acquisivit
1072 2133 1156 2183 non

61 2208 313 2281 mediocrem.
370 2207 637 2280 Celeberrimus
661 2203 797 2278 illaesi
825 2209 1058 2295 eruditione,
1099 2211 1158 2283 in·

63 2306 227 2392 duſtria,
253 2308 400 2381 meritis
414 2310 454 2382 in
469 2334 547 2381 rem
563 2307 801 2391 litterariam,
827 2308 875 2379 ad
892 2331 1006 2403 quam
1020 2335 1158 2383 oman·

63 2408 152 2483 hm
166 2410 322 2482 nullam
340 2435 465 2483 curam
483 2433 709 2506 operamque
728 2408 905 2506 neglexit.
958 2409 1163 2486 officinam-

64 2510 200 2583 babuit
217 2510 380 2583 Bafileae
401 2511 518 2606 inque
544 2536 584 2584 ea
606 2531 724 2607 attam
749 2509 913 2583 exercuit
936 2529 1014 2583 tam
1031 2513 1160 2586 lauda·

65 2608 297 2696 lilihudio,
330 2630 372 2683 ut
394 2613 545 2685 anullis
562 2613 681 2697 curis,
706 2611 870 2711 vigiliis,
895 2613 1109 2700 laboribus,
1136 2638 1161 2689 tt

10 2754 13 2771 ·
64 2714 174 2785 nullo
194 2712 326 2785 sumtu
347 2712 489 2786 alienus
508 2712 620 2797 esset,
644 2712 936 2809 necquidquam
953 2716 1157 2802 omitteret,

64 2814 172 2909 quod
187 2815 240 2885 ad
254 2813 392 2899 libros,
427 2833 596 2887 accurate
611 2833 724 2910 atque
745 2816 933 2913 eleganter
953 2816 1160 2909 describen-

66 2916 159 3001 dos,
185 2916 409 3013 pertinebat
461 2923 562 2988 Inter
580 2916 858 3014 typographos,
884 2922 1161 2993 Germanorum

64 3016 223 3101 saltem,
245 3016 453 3114 principem
467 3018 597 3090 locum
613 3016 678 3089 fibi
694 3016 785 3088 fecit
801 3042 843 3088 ac
862 3017 988 3104 libris,
1024 3020 1090 3114 qui
1113 3043 1165 3092 ex

64 3116 229 3191 officina
250 3117 330 3191 eius
347 3118 588 3214 prodierunt,
622 3118 822 3214 praecipue
845 3118 988 3215 scriptia
1004 3126 1160 3194 Petrum

63 3220 299 3302 latinorum,
331 3244 507 3318 magnam
528 3219 680 3293 laudem
707 3237 819 3315 atque
845 3218 1160 3295 existimationem

63 3320 301 3393 conciliavit.
568 3326 571 3334 ’
887 3334 890 3341 ’

169 3426 374 3495 Eatenus
390 3424 614 3517 praeclaram
633 3446 785 3517 operam
800 3422 839 3492 in
858 3446 902 3494 eo
919 3447 1074 3519 quoque
1089 3447 1161 3518 po·

65 3522 161 3609 suit,
205 3541 249 3593 ut
273 3522 404 3617 scripta
424 3528 577 3621 Panum
603 3520 925 3596 ecclesiasticorum
945 3524 1068 3596 debita
1084 3523 1161 3597 side

65 3644 183 3721 atque
206 3626 444 3697 accuratione
469 3623 691 3709 recenseret,
734 3649 828 3718 quaa
851 3624 985 3697 vitiosa
1017 3626 1059 3695 in
1081 3623 1161 3698 illia

66 3726 241 3812 fumus,
262 3751 301 3796 ea
321 3725 532 3798 emendaret
547 3744 658 3822 atque
674 3725 914 3825 subiungeret
927 3725 1161 3797 animadver-

68 3826 201 3899 siones.
250 3828 449 3900 Editiones
466 3829 553 3913 hae,
579 3834 732 3901 Pataum
748 3826 919 3923 inprimis
938 3827 1161 3912 latinorum,

67 3926 228 4001 Basileae
245 3954 290 4000 ex
307 3927 541 4000 frobeniana
560 3927 713 4000 officina
728 3929 767 3999 in
784 3931 907 4000 lucem
924 3928 1160 4023 prodierunt,

10 4094 12 4099 .
69 4028 294 4127 singularem
309 4031 462 4102 laudem
479 4030 729 4126 consequutae
749 4030 835 4100 sunt
860 4046 970 4124 atque
989 4028 1160 4100 eamdem

70 4130 280 4205 constanter
295 4130 575 4206 conservarunt.
616 4138 766 4206 Locum
781 4132 821 4202 in
836 4132 911 4205 illis
927 4130 1085 4202 habent:
