2542 4724
394 262 475 337 cr
504 286 539 333 P.
574 268 635 371 u,
687 262 722 349 s.
750 263 810 339 eo.
837 262 897 339 or.
983 278 986 283 ·
1114 256 1188 333 aer.
1238 288 1242 301 =

198 458 398 527 Enuannr
424 459 506 525 r-S.
535 458 727 525 ernmo
763 454 962 524 annotatt,
996 452 1038 525 in
1076 456 1187 523 Luc·

113 559 251 626 tontii
275 558 421 649 Opera,
448 560 559 626 Rom.
580 554 809 627 1754-60.
830 558 929 625 XIII.
957 554 1016 639 8.,
1059 572 1189 648 quate·

115 682 172 729 rurs
188 656 420 755 grammatici
444 655 529 726 lunt
546 657 709 754 generis,
746 657 809 725 vix
828 656 928 740 aliis,
964 680 1077 751 quam
1095 682 1187 748 pue-

118 758 156 829 ris
175 758 324 855 scriptae
331 784 343 843 3
388 758 528 851 reliqua
554 775 678 829 autem
704 756 895 861 doctrina,
929 783 978 830 ne
1003 757 1189 833 taediosae

120 858 323 930 eruditionis
342 860 595 955 captatoribus
613 860 783 952 placebit.

145 998 148 1003 ·
199 966 340 1033 Iolen.
359 966 568 1044 Zruxum,
591 960 1189 1061 Theoi.etI‘hilol.Schleufiugo·

123 1063 391 1159 Hennebergici,
416 1068 539 1134 Notae
563 1062 603 1131 in
627 1062 803 1133 Alcimi
827 1068 964 1133 Aviti
991 1058 1187 1162 Opuscula,

123 1164 200 1257 Lips.
220 1164 328 1237 1604.
353 1165 411 1248 8..
442 1165 563 1261 magis
582 1164 628 1234 ad
646 1181 794 1237 textum
809 1164 1035 1252 sanandum,
1071 1182 1189 1259 quam

123 1261 357 1337 illustrandum
378 1264 620 1360 compulitae.

200 1393 256 1465 Ad
271 1390 342 1464 hos
360 1398 513 1463 Petrum
531 1390 710 1464 Ecclefiae
725 1394 965 1489 interpretes,
992 1393 1188 1488 inquibus

128 1494 442 1567 commemorandis
470 1519 624 1588 operam
648 1496 768 1567 adhuc
787 1496 1002 1590 posuimus,
1041 1496 1102 1565 alii
1124 1496 1187 1567 ad·

126 1589 279 1691 iungendi
307 1594 412 1678 sunt,
449 1596 563 1689 inque
600 1595 666 1667 his'
689 1598 818 1669 locum
846 1595 953 1667 suum
988 1598 1188 1691 praecipue

127 1706 253 1767 tumtur
273 1696 458 1769 Monaclri
480 1697 713 1768 Benedictini
737 1724 757 1770 e
781 1704 969 1797 congreg.
994 1704 1027 1769 5.
1047 1699 1186 1769 Mauri.

126 1794 158 1861 ln
176 1798 397 1871 recensendis
421 1804 574 1869 Patrunt
597 1801 858 1871 monumentis
884 1816 1061 1871 curartutt
1079 1824 1186 1896 prae-

128 1894 209 1983 tlar'e,
232 1918 275 1971 ut
289 1900 352 1970 illa
368 1924 454 1971 curn
464 1902 650 1997 eleganter
667 1920 779 1995 atque
795 1920 963 1971 accurate
978 1900 1186 1996 prodirent,

127 2006 189 2069 tutu
215 2001 316 2073 notis
350 2020 460 2093 atque
490 2002 892 2088 animadverlionibus,
936 2027 1032 2098 quae
1061 2005 1188 2075 lucem

126 2098 325 2185 praeferant,
351 2098 527 2187 instructa
545 2099 666 2173 ellent.
719 2110 773 2172 Ita
800 2122 984 2173 ornarunt
1007 2128 1087 2173 non
1110 2102 1187 2175 fine

127 2192 212 2273 laude
241 2204 466 2275 meritorum
506 2208 670 2288 Irenaei,
720 2196 850 2299 Iufiim'
872 2210 1015 2287 Mart„
1054 2206 1187 2303 Cyritti

126 2296 258 2399 Hirrofi,
290 2307 481 2401 Origruis,
507 2296 733 2403 Aelianofii„
751 2297 1011 2407 Clrrpfsosforrri,
1037 2308 1187 2391 Hilarii,

127 2396 316 2501 Augustini,
349 2410 590 2503 Hieronymi,
622 2397 825 2504 Arultroſsi,
855 2398 1057 2502 Gaffiodori
1075 2424 1188 2500 atque

127 2498 261 2579 ¹¹limum
279 2512 410 2602 Opera.
464 2516 633 2579 Fuerunt
654 2528 840 2603 praeterea
857 2510 955 2581 inter
969 2510 1189 2601 interpretes

64 2580 77 2621 ⁸
126 2596 196 2691 los,
218 2610 281 2705 qui
300 2610 430 2705 scripta
449 2616 601 2681 Patrum
619 2635 705 2680 cum
723 2611 826 2680 uotis
844 2610 1016 2704 publicae
1032 2610 1109 2683 luci
1126 2636 1188 2679 ex-

124 2722 299 2795 ponerent,
328 2710 402 2783 fine
420 2712 559 2781 indicio
576 2713 781 2781 nominum
794 2710 975 2797 luorum,
1011 2709 1082 2781 five
1099 2736 1191 2783 ano·

122 2812 235 2901 lly'me,
260 2836 427 2907 quorum
442 2814 517 2885 iam
534 2829 640 2886 antea
659 2813 893 2885 mentionem
912 2806 1122 2903 fecimus.*)

573 3020 608 3109 r.
647 3016 708 3091 or.

200 3184 387 3281 Plerique
406 3208 569 3271 eorum,
598 3186 668 3280 qui
683 3189 846 3259 Parrum
865 3184 1007 3285 scripta
1023 3183 1191 3259 illustra·

104 3300 217 3373 runt,
242 3312 327 3363 non
344 3286 462 3369 alias,
490 3284 562 3359 uili
580 3284 668 3359 suas
684 3287 949 3387 propriasque
972 3301 1089 3361 notas
1108 3286 1189 3360 istis

72 3440 83 3467 0
101 3387 391 3476 adiunxerunt;
419 3388 613 3461 nonnulla
631 3402 764 3461 tamen
782 3388 931 3461 horum
948 3412 1192 3461 momuneu-

96 3504 258 3577 torum,
284 3494 397 3562 Notis
416 3495 639 3575 Variorum,
669 3487 729 3561 uti
748 3490 1018 3588 appellantur,
1047 3488 1192 3561 iustru-

95 3604 184 3678 cta,
211 3590 345 3663 luceru
366 3588 651 3691 adspexerunt,
678 3614 779 3686 quae
805 3588 1003 3667 editiones
1026 3615 1113 3664 nou
1131 3586 1193 3663 so·
1253 3626 1258 3635 ·

88 3758 331 3779 m

127 3852 157 3919 ⁹)
176 3846 338 3917 Syllabnm
362 3866 486 3909 eorum,
517 3852 569 3973 ‘pri
591 3858 788 3905 monumenta
809 3851 930 3904 Petrum
954 3814 1193 3903 Hellomenon·

167 3918 257 3991 atq‘m
272 3918 520 3973 animadversioni
534 3938 576 3974 mr
596 3918 798 3982 illustrarunt,
825 3922 930 3973 itulem
953 3919 1127 3992 litterarum·
1147 3932 1194 3971 or·

166 3986 240 4039 dine
256 3986 446 4057 dispositum,
474 3991 595 4042 exhibet
618 3990 682 4042 lrr
693 4008 702 4041 ι
713 4010 728 4043 e
739 4008 748 4041 r
760 4007 798 4041 os
826 3990 927 4041 Srlrrrl.
950 3988 985 4040 (le
1001 3984 1193 4047 Arrclorrbur,

895 4096 903 4121 9

166 4054 222 4179 ἰαὶ
246 4055 283 4107 de
308 4056 507 4123 Scriptorilrus
531 4054 736 4121 Ecclesiult'icis
757 4066 886 4127 egerunt

960 4097 965 4109 .
983 4062 1029 4111 151
1044 4054 1080 4127 sq.
1100 4056 1196 4109 addet
1225 4052 1233 4065 ''

200 4140 278 4178 our
295 4122 415 4181 Introd.
431 4124 465 4182 in
482 4126 626 4183 notitiam
641 4126 831 4199 Scriptorum
854 4074 957 4201 eccles

945 4168 952 4182 .
970 4142 1000 4197 p-
1014 4128 1064 4183 138
1072 4122 1112 4199 sq.
