2542 4724
65 308 158 395 teo,
399 246 442 385 ¹e
466 334 493 383 ι
519 264 651 383 ιη’
689 309 817 402 §.or
854 328 857 333 ·
904 352 909 375 .
1009 269 1012 279 ’

143 496 186 592 3)
211 496 345 572 Oratio
362 500 404 584 εἷς
425 499 466 572 ri
481 494 574 589 ἅγιον
589 493 643 569 uai
658 495 813 592 σωτήριον
827 495 943 590 πᾶσχα
966 497 1013 569 de
1030 489 1171 600 sancto

68 595 316 705 etsalrttifero
333 594 538 701 paschate,
563 622 595 671 o.
612 596 781 671 verlione
798 598 928 671 Ioaclr.
947 598 1171 687 Carnerarii,

65 703 169 801 Lips.
188 702 298 779 1563.
324 702 362 776 8.
388 725 433 774 ao
458 724 490 773 o.
513 700 825 795 interpretatione
847 701 1017 799 eiusdem
1037 704 1175 773 Corne·

65 809 160 880 rarii
176 823 288 901 atque
304 804 418 875 altera
433 806 485 872 H.
506 795 759 901 Oelschlegelii
772 795 961 898 huiusq'ue
971 802 1174 899 notieplri·

65 907 245 1007 lologicis
265 929 307 976 ac
323 903 569 1003 theologicis,
593 903 637 974 in
652 904 842 977 Tironum
866 905 955 977 usus
972 903 1172 993 adornata,

18 1078 27 1085 .
64 1006 390 1085 tinad.1626.8.
838 1075 842 1080 .

33 1165 38 1173 ,
142 1107 186 1202 4)
214 1112 258 1178 V
255 1113 310 1179 ito
333 1098 470 1206 Mofis,
498 1102 590 1202 (περὶ
606 1107 665 1178 τοῦ
681 1107 755 1189 βίου
769 1107 935 1192 Μωυσέως
949 1112 1009 1182 τοῦ
1032 1106 1173 1201 inpedii-

63 1239 145 1291 που,
171 1212 192 1304 ἢ
201 1211 276 1302 eret
289 1216 350 1300 rije
366 1214 437 1281 κατ’
452 1208 566 1300 ἀρετὴν
578 1208 796 1301 τελειότητρς)
816 1207 969 1302 mystice
986 1229 1171 1296 enarrata,

66 1336 167 1411 qnae
184 1312 361 1386 conversa
389 1307 438 1384 est
456 1306 553 1383 stud.
574 1308 729 1408 Georgii
751 1312 992 1406 Trapezuntii
1008 1336 1051 1383 ae
1066 1310 1172 1408 lepa-

66 1398 182 1488 ratim
198 1413 342 1509 prodiit
356 1412 490 1485 Vienn.
508 1435 551 1483 ac
565 1409 672 1484 Baiil.
692 1408 802 1486 1521.
819 1413 857 1497 4.
877 1437 919 1484 ac
936 1438 966 1485 c.
984 1412 1067 1487 aliis
1084 1413 1171 1509 qui·

65 1514 228 1589 busdam
246 1513 400 1607 Nylie'ni
416 1512 614 1609 Opusculis
639 1538 801 1610 cumque
820 1514 925 1587 notis
942 1519 1046 1586 Dav.
1063 1517 1170 1587 Hoe-

56 1611 205 1720 sclielii,
231 1615 355 1714 Lugd.
370 1622 453 1688 Bat.
476 1613 586 1690 1593.
614 1615 650 1688 8.

5 1797 21 1815 θ
145 1719 187 1809 5)
204 1722 272 1803 ,Ἐις
291 1719 546 1810 τὴνέπιγραφὴν
559 1720 625 1789 τῶν
639 1719 792 1809 Ψαλμῶν,
818 1719 977 1801 βίβλιαίῖ
1001 1715 1048 1788 (ie
1063 1711 1169 1819 Psal-

66 1845 217 1895 morum
240 1813 535 1920 inscriptionibus
557 1818 676 1890 libelli
703 1817 803 1903 duo,
843 1844 873 1891 c.
899 1824 978 1889 Iac.
1006 1812 1168 1922 Gretseri

65 1920 397 2017 interpretatione,
424 1915 577 2017 Ingolst.
599 1919 708 1992 1600.
728 1919 839 1994 1617.
858 1920 894 1993 4.
946 1967 949 1973 ·

144 2022 187 2114 6)
212 2021 409 2094 Orationes
425 2023 522 2094 duae
543 2022 611 2116 trapi
629 2024 854 2114 φιλοπτινχίας
878 2023 924 2093 tle
939 2018 1168 2118 pauperibus

67 2127 227 2197 caritate
250 2124 553 2220 complectenda,
589 2147 750 2218 quarum
771 2125 940 2220 priorem
955 2129 1034 2194 Iac.
1057 2121 1169 2195 Gret·

55 2220 164 2329 serus
179 2227 324 2320 primus
343 2249 472 2324 graece
494 2224 587 2297 iuris
610 2224 755 2320 publ-ici
779 2222 870 2298 fecit
887 2250 929 2296 ac
948 2228 1038 2296 Zini
1053 2226 1168 2299 inter·

66 2327 319 2425 pretationem
337 2326 504 2413 addidit,
525 2323 680 2426 Ingolst.
700 2327 809 2400 1617.
835 2327 871 2400 4.
899 2323 1086 2423 posterior
1104 2352 1169 2399 au·

63 2447 143 2501 tem
160 2429 284 2503 lucem
301 2429 398 2499 vidit
416 2453 492 2526 gn,
518 2430 616 2527 Aug.
636 2427 747 2500 vind.
763 2428 872 2503 1578.
897 2430 932 2501 8.
961 2453 1050 2502 cura
1064 2434 1170 2503 Hoe-

50 2523 186 2633 sclrelii
204 2556 247 2602 ac
264 2555 295 2601 c.
314 2532 404 2598 Zini
420 2525 609 2615 verdone,
636 2534 767 2601 Venet.
788 2527 897 2604 1574.
920 2530 955 2604 8.

84 2664 86 2669 ·
140 2632 184 2722 7)
210 2630 408 2703 Orationes
432 2629 529 2700 duae
553 2629 600 2699 de
629 2624 778 2730 occursu
804 2635 963 2702 Domini
991 2622 1106 2729 nostri
1128 2649 1168 2707 et

66 2732 113 2806 de
137 2735 292 2808 Deitate
316 2731 401 2801 Filii
424 2755 471 2801 ac
497 2732 658 2827 Spiritus
683 2731 741 2819 8.,
769 2758 823 2832 gr.
850 2759 892 2806 ac
912 2735 998 2820 lat,
1026 2736 1165 2809 Colon.

43 3016 50 3045 Ι
140 2935 180 3014 8)
204 2924 376 3033 Epistola
403 2945 536 3005 contra
559 2936 859 3031 Apollinarium,
900 2961 1049 3035 graece,
1086 2962 1165 3012 cnr.

62 3029 288 3135 Hoesclrelii,
317 3033 441 3135 Lugd.
459 3041 541 3107 Bat.
562 3038 671 3112 1593.
698 3057 736 3110 et
751 3039 869 3110 latine
886 3065 932 3112 ex
944 3043 1094 3113 Ducaei
1107 3041 1169 3114 in·

62 3139 351 3237 terpretatione,
379 3134 532 3236 Ingolst.
552 3137 660 3212 1604.
683 3140 720 3214 4.
1065 3164 1075 3181 “

140 3240 184 3333 9)
206 3232 375 3339 Epistola
392 3243 573 3311 cononica
593 3242 645 3312 ad
661 3244 855 3329 Letoium,
883 3267 913 3313 c.
935 3242 1168 3339 quibusdam

63 3341 166 3429 aliis,
199 3343 373 3439 inprimis
389 3341 738 3438 poenitentialibus,
764 3345 945 3442 notisque
964 3348 1057 3416 Ant.
1081 3348 1167 3419 Au·

58 3435 219 3552 gustini,
245 3450 374 3523 Venet.
398 3442 508 3518 1584.
532 3441 592 3528 4.,
626 3443 736 3521 1585.
762 3446 798 3521 8.

11 3622 24 3651 ἶ,
143 3546 207 3638 10)
232 3547 333 3638 Λόγος
355 3549 569 3663 καπγχηῖικός
587 3546 604 3615 ὁ
619 3549 716 3638 μέγας
735 3550 866 3620 Sermo
884 3573 1049 3646 magnus
1065 3564 1167 3625 cate·

22 3645 945 3850 '‘tl-“lttttti‘tiitt,tillidi
967 3650 1088 3845 liii
1100 3651 1165 3825 lt.

61 3849 143 3925 tine
160 3850 325 3924 reddidit
340 3853 421 3923 Pet.
443 3841 665 3950 Galefinius,
693 3855 806 3924 Rom.
828 3851 939 3926 1562.
964 3852 1000 3925 4.
1052 3857 1164 3927 Prae·

61 3972 165 4028 terea
182 3952 357 4025 eumdem
377 3976 408 4024 e.
425 3952 738 4047 interpretatione
757 3953 821 4025 sua
844 3973 956 4049 atque
973 3954 1165 4027 adnotate.

60 4054 111 4129 ad
127 4054 238 4127 usum
255 4053 452 4153 publicum
466 4053 660 4131 transtulit
676 4060 734 4131 Io.
751 4059 954 4145 Liveneius,
976 4059 1161 4154 antuerp.

67 4153 182 4234 1574.
198 4154 235 4232 4.
