2542 4724
375 296 378 301 ·
424 298 572 376 οη.
611 300 678 397 n-
713 294 747 390 §2
776 246 848 378 ‘rs'
1103 302 1178 381 us

47 500 205 567 tionum
221 516 379 595 genere
394 482 598 589 illustrata,
616 490 712 564 Ῥέη.
732 490 840 565 1690.
864 490 901 566 8.
918 488 955 585 *)
1013 497 1179 589 Sequuts

48 594 94 669 est
109 596 200 693 ipsa
233 596 369 667 editio
387 595 615 686 Hieronymi
639 620 726 665 cura
753 594 920 665 eiusdem
936 596 1177 681 Martianaei,
1192 662 1201 683 ¹.

49 704 127 771 Por.
158 698 277 771 1693
299 734 355 748 -
375 695 482 769 1706.
509 702 550 765 V.
576 694 663 766 fot·
706 702 853 767 Toruus
877 699 1022 791 primus
1042 697 1096 767 ita
1118 700 1178 770 in·

51 800 224 895 scriptus
244 796 424 895 prodiit:
454 798 491 866 S.
509 790 653 897 Eusebii
673 800 909 895 Hieronymi,
929 792 1176 900 stridonensis

52 898 209 985 nest„
250 902 407 969 Divina
430 897 660 969 Bibliotheca
685 896 846 967 antehac
879 899 1039 982 inedita,
1072 896 1174 972 corn-2
1252 954 1256 961 -

51 1002 230 1095 plectens
255 1000 531 1071 translationes
556 1000 695 1068 latinas
718 1003 767 1067 V.
787 1014 823 1069 et
839 1003 889 1069 N.
913 1005 979 1085 T.,
1015 1025 1100 1072 cum
1126 1028 1195 1091 ετ,

54 1100 230 1187 ebrocis,
261 1116 352 1171 trun
372 1103 550 1199 egraecis
561 1098 736 1198 fontibus
753 1101 946 1170 derivata:
979 1106 1174 1176 innumera

54 1228 211 1299 quoque
256 1196 407 1301 scholia
440 1202 670 1299 marginalia
703 1193 940 1297 antiquzffimi
982 1206 1175 1277 cuiusdam

53 1308 275 1401 Scriptoris
298 1301 432 1386 ebraei,
457 1326 564 1372 voces
578 1292 729 1397 preffius
747 1300 994 1397 exprimentis‘.
1038 1309 1174 1379 Prodit

57 1397 280 1505 eretustrff.
299 1398 430 1575 mpptis
449 1404 563 1473 Coclcl.
583 1404 806 1499 Gallicanis,
836 1407 880 1472 V
877 1407 1046 1492 aticahis,
1063 1422 1171 1482 ceter.

57 1514 138 1579 Par.
168 1506 296 1580 1693.
351 1506 401 1577 01.
418 1502 476 1592 **)
544 1504 618 1600 Qui
642 1504 680 1572 in
708 1518 852 1574 tomam
878 1507 1170 1604 huncp.1429.

58 1608 246 1680 translati
266 1606 371 1691 sunt,
390 1602 558 1676 Chaones
569 1606 873 1702 Evangeliorum,
890 1605 1048 1680 restituit
1062 1610 1171 1693 Aur.

58 1716 272 1791 rorem,
317 1708 498 1777 Monach.
528 1707 804 1779 Benedictinus.
872 1712 994 1782 Rlcrs.
1029 1717 1172 1785 Sinon·

61 1810 273 1883 censuram
294 1808 422 1893 edidit,
449 1807 516 1878 sub
532 1810 666 1879 titulos
697 1810 859 1903 Critique
873 1800 923 1880 cia
941 1813 1031 1884 livre
1044 1812 1173 1910 publie'

62 1896 135 2007 pai
160 1912 222 1983 les
249 1913 405 1980 Moiaes
427 1909 664 1980 Berrerlictius
690 1909 735 1978 de
765 1912 802 1979 la
832 1913 1023 2013 Congre'g.
1054 1916 1099 1986 de
1129 1920 1169 1987 8.

64 2018 190 2085 Maur
195 2006 299 2113 sous
314 2012 348 2080 le
370 2014 456 2081 titre
473 2011 517 2080 tle
533 2008 787 2103 Bibliotheque
809 2012 930 2083 divine
952 2015 997 2085 cle
1011 2018 1169 2105 Indiae,

66 2116 147 2187 Col.
171 2114 294 2187 1699.
318 2112 355 2185 8.
409 2111 525 2183 Tomi
538 2104 691 2211 seomidi
713 2113 847 2183 titulus
867 2111 934 2186 est:
963 2116 1001 2189 S.
1025 2112 1171 2217 Eusebii

66 2216 306 2313 ffierouymi
325 2215 488 2307 Operum
507 2217 614 2283 Tora.
631 2218 685 2296 II,
710 2215 953 2309 complectens
969 2216 1080 2289 libros
1096 2222 1171 2292 edi·

67 2332 125 2387 tos
151 2340 206 2387 ac
231 2314 391 2385 ineditos
413 2314 703 2412 etymologiam,
735 2315 1030 2415 geographicas,
1057 2346 1170 2415 quae·

60 2408 207 2515 stiones
231 2414 420 2499 ebroicas,
457 2419 515 2509 epi
531 2417 628 2502 tolus
652 2417 798 2485 criticas
825 2430 862 2485 et
883 2426 1170 2497 commentarios

70 2522 107 2589 in
122 2512 249 2621 Jacra
275 2516 484 2599 volumina,
528 2543 553 2586 a
577 2508 705 2609 Genefi
727 2541 839 2613 usque
871 2520 922 2589 acl
948 2520 1171 2618 Prophetas,

70 2624 152 2691 Par.
181 2618 298 2693 1699.
329 2616 496 2706 f01.***)
563 2620 636 2713 Qui
663 2617 847 2712 sequitur,
886 2638 1017 2695 tomus
1042 2629 1172 2719 tertius

72 2722 172 2793 hanc
197 2716 364 2817 praefert
387 2718 688 2813 inscriptionem:
722 2724 759 2789 S.
781 2714 926 2816 Eusebii
947 2727 1172 2826 Hieronymi

9 2862 17 2885 .
76 2820 245 2919 Operum
260 2824 369 2891 Tora.
380 2826 455 2905 111,
466 2821 707 2913 complectens
718 2824 1058 2895 Commentariosin
1070 2832 1174 2900 XVI

75 2922 292 3019 Prophetas
305 2923 463 2993 maiores
478 2936 588 3016 atque
603 2925 773 3005 minores,
792 2913 974 3017 restitutos
990 2924 1172 3027 adsident

75 3018 289 3127 msptorurn
306 3023 423 3093 toda.
439 3014 775 3119 oetastrffirnonau,
808 3030 887 3094 Par.
909 3024 1019 3097 1704.
1041 3028 1110 3101 fol.
1129 3032 1173 3124 †)

75 3126 118 3197 in'
134 3150 218 3223 quo
245 3124 393 3195 edendo
418 3122 647 3195 Nicostratus
671 3130 784 3207 Bara,
818 3128 1032 3199 Monachus
1054 3135 1173 3205 Bene-

79 3226 246 3299 dictinus
264 3252 310 3297 ex
327 3230 464 3325 Congr.
484 3230 518 3295 S.
537 3224 682 3309 Mauri,
708 3225 943 3315 Martianaeo
959 3229 1173 3306 adiutorem

80 3326 114 3397 le
130 3328 320 3423 praebuit.
337 3328 402 3416 ††)
438 3326 604 3399 'Titulus
622 3326 721 3397 tomi
736 3330 861 3420 quarti
875 3323 944 3399 eft:
970 3332 1008 3400 S.
1026 3326 1173 3434 Eusebii
1243 3408 1249 3423 ,

81 3458 293 3476 ο-

113 3514 143 3583 ””)
159 3516 238 3569 Acta
254 3510 377 3570 Erudit.
392 3532 418 3569 a.
435 3517 510 3573 1695.
529 3531 557 3586 P·
573 3520 616 3572 98.

113 3608 158 3677 ·“)
174 3608 252 3661 Acta
266 3604 390 3661 Erudit.
405 3608 434 3659 d.
452 3607 491 3665 l.,
507 3608 561 3663 ubi
573 3608 762 3664 Prodromus
776 3616 805 3664 et
819 3616 892 3664 tom·
907 3611 960 3669 hic
971 3613 1092 3684 primus
1104 3631 1174 3675 con·

147 3678 278 3729 iunctim
292 3674 491 3730 recensentur.

8 3728 11 3739 Ι
115 3770 166 3835 ⁸¹⁰)
182 3770 258 3823 aaa
281 3766 404 3824 Erudit.
429 3786 456 3823 a.
476 3773 551 3827 1699.
574 3788 604 3845 p.
619 3775 679 3831 528.
722 3773 878 3831 Brutum
898 3774 1062 3830 Nouuelles
1081 3776 1119 3830 dc
1141 3778 1174 3833 la

150 3837 261 3905 apuu
286 3832 337 3889 des
353 3837 452 3891 lettres
472 3845 588 3897 a.1700.
609 3842 668 3896 Iul.
691 3858 720 3914 p.
735 3847 778 3899 67.
816 3842 928 3898 laura.
944 3843 995 3897 des
1012 3843 1129 3900 Saoans
1147 3863 1176 3903 ι.

152 3910 267 3977 16911).
283 3908 345 3963 455.
367 3923 392 3958 ι.
409 3911 484 3964 1700.
503 3925 533 3980 p.
549 3912 611 3966 808.
628 3914 689 3968 317.

119 3998 145 4061 a
159 3997 266 4124 affin.
283 3998 334 4052 aes
349 3998 467 4053 savam
482 4018 508 4057 a.
528 4006 603 4060 aar.
616 4000 691 4060 ron.
707 4021 737 4077 p.
746 4008 806 4063 sss.
831 4008 908 4061 aaa
921 4003 1044 4063 Eruet.
1059 4012 1174 4069 euos.
1220 3997 1223 4003 ’

153 4086 171 4135 p
243 4107 249 4118 .

121 4154 159 4215 ts)
176 4152 239 4207 vu.
254 4152 339 4209 Przn
355 4152 494 4213 uariat.
510 4154 659 4213 Benedict.
676 4156 781 4212 Maur.
796 4176 828 4233 p.
843 4162 901 4216 331.
