2542 4724
99 239 179 326 att
428 236 466 317 C
493 256 520 309 t
547 258 583 311 r.
617 241 684 314 tx.
735 234 772 326 h.
798 234 878 315 86.ι

98 432 192 509 haec
208 438 335 501 autem
349 446 434 499 non
455 443 626 498 accurate
642 424 820 522 semper,
834 449 905 497 nec
921 425 1126 527 diligenter
1144 454 1201 507 re·

97 530 254 607 censuit.
278 525 1011 627 Vid.RurntnmCatalog.Bihliothec.
1027 528 1199 633 theolog.

96 658 125 732 P
200 737 479 805 Io.Fonnes11
499 753 525 803 a
543 739 684 809 Consu
702 724 963 827 Instructioaes
982 720 1062 829 hss.
1083 732 1197 808 theol.

96 836 144 909 dc
161 834 331 907 doctrina
352 826 470 933 christ.
490 849 527 905 et
541 839 648 905 vario
665 825 900 931 rerumstatu
916 837 1080 931 ortisque
1097 860 1197 910 erro·

96 936 198 1011 ribus
220 949 256 1006 et
282 928 553 1035 controverfiiS,
580 941 657 1007 iam
684 938 768 1006 inde
794 963 818 1006 a
844 934 1073 1031 temporibus
1102 964 1195 1034 apo·

85 1031 230 1139 ‘stolicis
246 1039 297 1107 od
313 1052 484 1134 tempora
503 1061 614 1133 usque
629 1042 707 1109 Sec.
730 1040 855 1107 XVII
865 1040 1012 1133 priora,
1039 1036 1192 1113 Amstel.

71 1182 76 1193 ·
96 1135 207 1237 1645.
235 1144 405 1211 Genevae
423 1138 533 1213 1680.
555 1139 663 1213 1699.
684 1137 754 1211 fol.
801 1136 954 1211 Exstant
971 1152 1130 1235 quoque
1151 1142 1194 1213 in

92 1246 305 1317 ronnasn
328 1239 524 1339 Operibus,
551 1237 700 1312 Amstel.
730 1241 837 1313 1703.
864 1238 934 1311 fol.
963 1265 1051 1311 cura
1079 1240 1193 1311 Gurt-

94 1344 163 1416 lcri
181 1344 304 1431 editis,
327 1366 535 1437 eurumque
550 1346 665 1412 Parte
680 1347 734 1411 II.
762 1342 1041 1436 compendium
1058 1340 1192 1417 harum

93 1444 258 1539 Forbesii
274 1440 569 1518 Instructionum
583 1439 662 1514 hist.
676 1444 847 1543 theolog.
856 1440 1012 1538 prodiit,
1039 1442 1190 1518 Amstes.

93 1548 206 1621 1708.
230 1547 267 1619 8.
297 1544 362 1616 sub
385 1546 498 1617 titulo
518 1535 705 1642 Forbtfius
723 1559 933 1615 contractus
950 1562 1105 1620 anctore
1120 1550 1192 1618 Ar»

91 1650 207 1723 noldo
223 1652 425 1718 Montano.
454 1645 656 1719 Constituit
671 1649 835 1733 Auctor,
864 1664 907 1717 ut
922 1645 1058 1742 ipsein
1076 1650 1189 1720 Prae·

85 1748 241 1850 satione
255 1747 399 1834 scribit,
427 1748 637 1820 Pontificiis
659 1771 888 1847 repugnare,
917 1747 1108 1844 qui'apud
1123 1753 1190 1823 im·

91 1855 230 1947 peritos
268 1876 357 1921 uum
391 1875 474 1921 cum
509 1849 693 1925 catholica
726 1852 951 1945 antiquitate
975 1854 1190 1925 unanimem

91 1842 303 2055 censendae
325 1950 541 2038 iactabant,
569 1964 603 2023 et
620 1948 668 2021 ab
686 1951 815 2023 eodem
834 1951 1046 2022 doctrinam
1069 1944 1189 2049 refor-

90 2068 287 2127 maturum
308 2052 417 2124 Eccse
435 2076 557 2127 tarum
588 2050 760 2124 dicebant
789 2045 937 2150 prorsus
970 2046 1188 2154 discrepare,

90 2170 137 2229 ut
163 2179 207 2227 uc
231 2156 325 2227 adeo
352 2159 388 2252 ip
407 2177 436 2223 u
460 2158 574 2227 etiam
591 2179 802 2255 repugnare
825 2155 956 2225 divinis
973 2154 1186 2250 Scripturis,

81 2182 329 2359 fisecundum
345 2270 506 2328 ruentem
520 2257 816 2328 orthodoxorum
823 2259 985 2326 Petrum
1001 2260 1187 2352 accipian·

87 2366 155 2429 'tur
178 2374 290 2454 atque
318 2361 555 2456 explicentur.
608 2364 703 2430 Eam
727 2358 770 2430 in
794 2382 874 2429 rem
901 2357 947 2428 de
965 2358 1084 2431 variis
1103 2358 1186 2431 reli·

90 2460 219 2561 gionis
241 2456 387 2533 nostrae
414 2460 598 2554 capitibus
619 2457 775 2545 disserit,
803 2459 849 2531 de
864 2454 1042 2551 mysterio
1066 2460 1186 2535 incar·

88 2562 280 2647 nationis,
309 2562 356 2633 de
373 2560 609 2632 sacramentis
627 2562 856 2658 generatim,
882 2560 1098 2656 baptismo,
1123 2586 1185 2635 cu·

90 2659 278 2748 charistia,
318 2662 569 2758 poenitentia,
612 2663 856 2759 purgatorio,
900 2661 1049 2734 ecclesia
1074 2679 1184 2759 atquc

87 2762 264 2846 ostendit,
276 2761 496 2834 Pontificios
515 2764 714 2835 aPatribus
726 2760 905 2837 Ecclesiae
920 2766 1040 2862 longe
1051 2762 1183 2838 disces·

86 2861 184 2949 fisse3
218 2862 327 2935 simul
352 2881 478 2934 autem
503 2860 707 2934 monstrare
732 2865 936 2952 annititur,
974 2864 1182 2939 consensio·

85 2990 178 3040 nem
194 2964 387 3036 doctrinae
404 2962 471 3036 esse
486 2964 584 3035 inter
599 2969 724 3037 Patres
743 2990 785 3037 ac
800 2964 1058 3039 Reformatos.
1077 2964 1115 3059 *)

191 3064 478 3140 H.ALr1no11
508 3065 715 3165 Theologia
745 3058 915 3159 historico
943 3059 971 3164 s
995 3058 1182 3166 Systtrnu·

86 3172 136 3241 tis
151 3160 309 3265 historici
326 3167 408 3240 soca
424 3181 596 3259 quatuor,
619 3165 769 3241 Amstel.
790 3167 897 3241 1664.
920 3165 957 3239 ί1.
979 3194 1075 3263 quae
1094 3192 1181 3265 qua-

84 3288 179 3343 tuor
198 3270 338 3367 capita,
364 3270 462 3340 libro
480 3270 556 3341 hoc
571 3267 744 3342 historice
761 3269 973 3364 explanata,
1002 3268 1109 3342 sunt:
1137 3270 1180 3341 de

82 3391 222 3445 natura
244 3371 478 3470 theologiae,
506 3372 552 3443 de
565 3364 691 3444 'verbo
707 3372 779 3443 Dei
805 3370 830 3443 s.
853 3378 887 3442 S.
905 3371 1109 3465 Scriptura,
1136 3370 1180 3443 dc

85 3480 187 3557 Deo,
214 3472 361 3545 essentia
387 3498 487 3557 uno,¹
506 3472 608 3543 trino
626 3473 797 3571 personis
816 3497 857 3544 ac
875 3474 1033 3545 decretis
1052 3474 1124 3545 Dei
1140 3472 1178 3543 in

84 3600 220 3679 genere
240 3575 358 3669 deque
374 3570 709 3671 praedestinatione
729 3575 854 3645 divina
872 3574 912 3644 in
930 3571 1142 3670 specie=**)

188 3682 397 3749 Dronrsn
413 3681 596 3747 Puravu
612 3682 815 3775 Dogmata
835 3674 1062 3771 theologica,
1086 3700 1177 3770 quo·

80 3778 173 3855 'rum
189 3797 263 3851 tres
277 3779 421 3875 priores
437 3779 535 3857 torni
549 3778 673 3851 lucem
689 3778 945 3875 adspexerant,
967 3784 1051 3849 Par.
1071 3774 1175 3850 1644.

119 4026 147 4093 ⁸)
173 4024 312 4079 Farmcn
345 4016 455 4089 Isilsar.
478 4018 653 4091 Bibliothec.
679 4020 767 4081 Part.
792 4020 838 4081 11.
870 4042 901 4099 p.
919 4027 981 4081 206⁸
1025 4020 1176 4081 simunt

156 4092 292 4163 Casusog.
311 4092 480 4149 Bibliothee.
497 4092 627 4163 istrosog.
647 4110 674 4165 p.
693 4098 718 4149 6.

117 4165 159 4233 '')
175 4161 330 4221 sinuum
348 4160 486 4233 Catalog.
504 4159 678 4220 Bibliothec.
697 4160 825 4232 theolog.
850 4176 881 4232 p·
900 4164 944 4219 20.
