2542 4724
135 242 248 363 ιον
325 214 328 219 ¹
446 284 732 363 citur.
785 281 937 381 §.tat

140 481 269 548 Deum
289 471 476 558 Verbum,
503 471 707 543 cuiusmodi
730 474 844 542 etium
866 468 1005 569 fuerit,
1032 488 1243 575 antequam

140 570 398 675 stornofieret3
423 575 529 668 quod
549 570 758 643 defenderit
776 573 953 645 caelibem
971 576 1099 649 vi'tam
1122 586 1241 655 Sacer-

143 678 281 748 dotum
299 692 410 770 atque
428 671 700 757 existimaverit,
712 698 838 767 preces
857 677 1005 771 populi,
1022 702 1099 772 pro
1118 684 1249 757 anima·

142 776 314 849 defuncti
335 784 428 870 Imp.
448 772 680 847 Constantini
700 773 746 843 ad
762 780 888 865 Deum
897 774 1045 863 factas,
1075 780 1147 854 esse
1161 785 1237 856 lau·

141 878 301 961 dandam
329 875 481 948 Essenos
514 874 621 946 fuisse
654 871 898 962 Christianos;
925 880 1057 972 plures
1085 883 1236 958 extitisse

97 1030 100 1035 -
140 976 358 1074 Apostolos,
371 976 718 1071 quamduuodecim3
744 977 962 1072 Philippum
978 982 1233 1079 Aug.Christo

140 1098 285 1151 nomen
311 1077 456 1163 dedisse,
482 1074 697 1165 cuiircmodi
718 1080 906 1149 nonnulla
937 1082 1008 1151 alia
1035 1104 1233 1173 memorat,

51 1220 54 1225 -
142 1204 239 1275 quae
255 1198 381 1250 autem
392 1180 519 1250 omnia
535 1204 604 1250 nec
614 1178 780 1251 eiusdem
790 1182 999 1267 momenti,
1025 1208 1233 1285 necoperte

141 1280 276 1355 vitiosa
292 1282 388 1365 sunt,
406 1279 433 1352 fi
448 1280 602 1373 quidem
617 1281 688 1351 rite
704 1281 977 1377 intelligantur.

243 1387 536 1467 Aruauasws,
564 1382 630 1476 qui
652 1382 886 1471 anonnullie
911 1385 1114 1461 variorum
1140 1416 1232 1487 erpo·

140 1494 226 1555 rum
247 1483 457 1554 accusatur:
483 1481 648 1555 tribuisse
671 1508 759 1554 eum
776 1481 922 1553 homini
936 1491 1110 1581 naturali
1124 1493 1166 1563 in
1182 1518 1231 1564 re·

25 1596 29 1607 “
139 1584 212 1657 bus
238 1583 491 1680 spiritualibus
513 1585 619 1678 plus,
647 1609 760 1680 quam
781 1610 846 1679 par
874 1583 937 1670 fit,
973 1607 1092 1683 atque
1118 1591 1230 1665 existi·

138 1683 268 1769 malle,
295 1685 440 1756 sanctos
467 1683 535 1758 esse
560 1686 816 1771 invocandos,
849 1687 935 1781 quia
959 1676 1069 1763 Deus
1091 1693 1137 1765 in
1162 1696 1228 1767 illio

138 1788 301 1869 habitet3
326 1787 515 1857 Adnmum
541 1810 584 1858 ac
606 1806 751 1859 ceteros
768 1785 1003 1859 antechristi
1024 1793 1228 1871 adventum
1261 1842 1263 1861 ι

137 1887 268 1959 salutis
289 1888 391 1958 haud
408 1884 608 1983 participes
624 1888 747 1960 factos
767 1886 852 1976 elle3
878 1893 1096 1966 nonnullos
1112 1898 1227 1997 legem

137 1991 348 2060 naturalem
360 1989 553 2074 servando,
571 1994 696 2061 Deum
714 1989 779 2060 fibi
793 1990 1004 2085 propitium
1015 1997 1226 2083 reddidisset

137 2088 364 2161 sacramenta
383 2096 426 2162 V.
446 2097 491 2162 T.
510 2108 659 2162 tantum
674 2089 905 2189 significasse,
930 2116 1014 2163 non
1035 2098 1225 2172 contulisse

138 2193 317 2286 gratiarm
343 2190 424 2264 fieri
445 2191 609 2263 hominis
633 2189 931 2264 iustificationem
958 2195 1151 2291 fliversam
1170 2226 1224 2273 ra·

133 2294 314 2387 riamque.
366 2301 556 2365 Numerus
574 2294 793 2365 huiusmodi
809 2319 1022 2369 naevorum
1037 2298 1141 2375 iulio
1159 2328 1224 2377 tm·

123 2395 236 2489 ¹plior
259 2390 499 2465 constituitur
521 2395 706 2490 huiusque
729 2397 784 2466 rei
808 2394 924 2468 caussa
943 2394 1013 2484 est,
1042 2405 1137 2495 quia
1151 2428 1223 2477 nou

133 2495 261 2567 omnia
285 2494 477 2567 Athanasii
500 2492 606 2567 effata
632 2514 730 2568 recte
755 2500 1005 2593 explicantur,
1042 2507 1108 2575 vel
1135 2504 1221 2579 testi·

131 2600 261 2667 monia
289 2622 334 2666 ex
364 2597 409 2667 iis
433 2597 537 2687 libris
566 2598 785 2681 sumuntur,
830 2621 999 2694 quorum
1019 2603 1099 2676 'ille
1128 2606 1218 2681 haul

129 2714 264 2769 auctor
285 2693 344 2770 est.
407 2703 507 2769 Eum
532 2700 633 2770 enim
655 2698 815 2794 putasse,
843 2706 1002 2787 Sanctos
1028 2704 1102 2779 effe
1120 2710 1217 2781 inro-

130 2798 292 2882 candos,
318 2816 364 2870 ut
385 2802 531 2869 Centur.
548 2798 804 2899 Magdeburg.
823 2826 859 2897 p.
878 2802 954 2875 295
971 2822 1010 2873 et
1028 2810 1135 2881 Grn.
1150 2816 1217 2883 At·

128 2924 299 2972 nonnus
327 2901 368 2971 in
392 2890 486 2996 Hist.
511 2902 594 2972 eccl.
618 2902 806 2988 iudicant,
840 2904 1025 2998 quoniam
1049 2914 1216 2986 Deusin

127 3000 204 3072 illis
221 3002 374 3087 habitet,
391 3003 516 3085 verba,
535 3028 628 3095 quae
647 3003 922 3096 producuntur,
940 3023 1098 3083 tantum
1118 3010 1214 3099 abest,

126 3120 171 3171 ut
186 3103 358 3196 probent,
376 3105 556 3198 utpotius
566 3105 792 3175 contrariam
808 3106 1213 3187 indicentsententitm.

126 3208 253 3297 Quum
288 3205 388 3275 enim
413 3204 576 3298 disputat
602 3204 774 3277 adversus
805 3232 889 3291 eos,
925 3210 992 3303 qui
1022 3211 1211 3299 affirmant,

124 3301 308 3376 Christum
337 3304 404 3376 elle
428 3307 624 3377 hominem
649 3324 687 3376 et
702 3312 827 3377 Deum
850 3309 889 3378 in
910 3334 954 3380 eo
983 3328 1143 3390 tantum
1158 3320 1211 3389 ht·

122 3403 259 3489 bitare,
288 3432 329 3476 ac
346 3425 495 3490 monet,
520 3409 589 3477 hac
611 3409 868 3478 rationeinter
883 3408 1075 3487 Christum
1096 3438 1135 3489 ot
1149 3442 1208 3491 uos

121 3508 271 3576 nullum
292 3507 358 3577 esso
376 3508 590 3592 discrimen,
615 3510 735 3578 utitur
759 3529 983 3606 argumento
1011 3516 1090 3587 aar*
1108 3520 1210 3617 iussu

120 3636 178 3676 πον
194 3605 356 3702 haecque
372 3608 530 3693 subiicit,
561 3611 606 3680 de
620 3616 811 3681 Incurnot.
838 3610 935 3683 ter-hi
953 3615 1030 3686 Dri
1059 3624 1167 3693 Tora.
1180 3626 1204 3691 1.

123 3711 234 3803 Oper.
251 3735 287 3803 p.
306 3709 412 3783 593.:
444 3716 484 3778 Et
499 3712 550 3778 καὶ
566 3717 638 3781 θεὸν
654 3714 782 3781 ἐνοικεῖν
801 3713 830 3781 ἓν
846 3720 894 3799 τιν’
908 3718 1073 3813 ἂνξριὶιπῳ
1089 3725 1203 3813 λέγοιεν,

116 3812 162 3901 μὴ
180 3812 446 3904 παραδεχώμεθα,
472 3814 584 3882 ἐνοικεῖ
607 3816 636 3881 δὲ
656 3816 686 3881 ἐν
704 3816 787 3906 ἡμῖν·
810 3812 895 3884 οὐδὲν
915 3816 968 3885 οὐν
985 3822 1128 3920 διαφέρει
1146 3828 1203 3917 ἡμῖν

116 3912 201 3981 κατὰ
221 3915 277 3983 τὸν
301 3912 408 3984 αὐτῶν
437 3913 553 4002 λόγονς
596 3913 715 3984 ὥστἐἰ
738 3924 981 4011 ουμιτροοιιννι-ἷς
1008 3923 1068 3993 τὸν
1093 3926 1199 4019 ‹iv-‘'pa-

113 4042 172 4081 πον
187 4022 235 4103 τῷ
250 4021 320 4103 Θιιῦ
342 4016 428 4105 λόγῳ
444 4019 527 4083 κατὰ
545 4016 603 4107 ripa
618 4020 784 4105 ἐνοίκησιν,
810 4030 1063 4109 ουμιιροσκννιῖν
1080 4030 1133 4095 >mi
1147 4032 1196 4099 etit

113 4119 211 4204 ἁγίοις
242 4120 290 4187 διὰ
309 4117 364 4187 τὸν
382 4121 560 4189 turnacum
587 4115 755 4205 ι’ναύνοῖς.
809 4124 871 4189 hul
895 4130 962 4209 πῶς
983 4123 1049 4197 οὐκ
1073 4130 1192 4203 tamt:
1261 4194 1263 4207 ,
