2542 4724
109 280 184 357 176
454 279 605 355 cir.
643 280 692 351 11.
746 266 868 371 §.¹20.
938 222 940 227 Ι
1016 346 1019 352 .

107 494 237 569 graeca
260 476 316 541 lo.
341 474 383 540 E.
409 466 536 539 Grabii
554 484 593 538 et
607 465 871 541 Dillertationo
896 469 942 542 de
962 469 1206 565 praeiudiciis

100 572 352 669 theologicis,
380 575 477 667 Hag.
495 575 602 640 Com.
624 567 732 642 1715.
759 570 799 643 8.
814 564 851 660 *1
1112 582 1115 587 “

102 706 106 713 “
205 703 265 769 Io.
287 697 384 769 Ano.
401 702 645 779 Fanmcms,
672 694 733 766 cui
757 694 956 767 debemusz
971 695 1024 788 ,S·
1044 700 1205 767 Hn’eo·

103 824 215 882 auct,
232 791 351 898 Episc.
371 812 407 867 et
422 799 633 895 Martyris„
644 798 781 891 Opera,
808 823 883 867 non
901 811 1013 868 antea
1029 798 1201 880 collecta,

102 890 304 994 etr'parte'm
322 925 418 968 nnnc
432 902 596 994 primum
612 922 631 968 e
648 891 785 993 Msptis
803 902 838 968 in
857 901 976 969 lucem
993 899 1110 982 edita,
1138 924 1201 994 gr.

100 1010 140 1072 'et
160 1002 249 1086 lat,
276 1001 412 1070 Hamb.
433 999 543 1071 1716.
569 998 638 1069 fol
695 1001 822 1071 Multa
848 1000 1025 1097 variaque
1050 999 1201 1071 eccelle-

28 1188 33 1195 ,
100 1119 211 1186 runt,
241 1126 336 1196 quae
351 1101 559 1172 editionem
575 1103 672 1171 hanc
691 1103 877 1196 praeclare
898 1119 1056 1186 ornant,
1084 1101 1202 1171 nimi·

99 1212 205 1274 ¹nun:
231 1204 412 1275 Virorum
430 1202 632 1272 doctorum
648 1209 772 1272 Notae
792 1220 829 1273 et
845 1199 1201 1274 Animadverfiones

98 1314 144 1377 'ac
159 1321 304 1399 praeter
317 1304 481 1374 aliorum
500 1303 816 1389 commentarios,
843 1304 884 1375 in
902 1320 1201 1375 monumentum

97 1406 266 1501 paschale
293 1410 326 1476 S.
355 1405 556 1495 Martyris,
597 1404 724 1474 tabula
754 1405 894 1500 triplici
916 1428 1027 1476 aenea
1053 1404 1200 1501 expres·

97 1506 201 1591 sum,
226 1504 508 1576 Differtationes
526 1506 693 1602 integrae
709 1505 887 1576 Virorum
912 1504 1037 1576 olarill.
1060 1511 1195 1577 Franc.

96 1608 298 1679 Blanchini
316 1612 424 1676 et·Io.
441 1607 612 1705 Vignolii
638 1623 748 1700 atque
774 1632 820 1677 ex
835 1600 996 1705 virginii
1012 1606 1198 1678 Valsechii

97 1726 134 1780 et
149 1706 314 1803 Philippi
331 1731 351 1778 a
369 1713 489 1778 Turre
500 1707 644 1803 scriptis
662 1725 853 1801 excerpta,
881 1714 915 1779 S.
936 1710 1198 1803 Hippolytum

94 1809 319 1905 spectantia:
336 1808 732 1904 praeterenhppendix
746 1807 970 1905 scriptorum
988 1802 1197 1881 dubiorum

92 1906 515 2006 suppoli'titior11n1que3
551 1935 622 1980 neo
646 1934 727 1980 non
755 1922 1018 2005 quaecumque
1040 1908 1196 2006 reperiri

82 2025 256 2108 'potuere
280 2036 325 2083 ex
345 2010 673 2103 lucubrationibus
693 2011 899 2107 Hippolyti
913 2010 1076 2084 iunioris
1095 2013 1193 2083 The·

91 2113 195 2185 bani.
258 2112 405 2183 Prodiit
432 2125 469 2182 et
492 2117 750 2198 Hipponem,
785 2108 904 2213 Episc.
930 2128 966 2182 et
987 2114 1192 2213 Martyris,

73 2214 286 2286 ''Volumen
302 2218 355 2284 II.
373 2214 512 2283 inedita
529 2212 706 2284 hactenus
722 2215 902 2284 nonnulla
919 2215 1015 2285 illius
1030 2217 1192 2311 corripie-

93 2340 205 2403 xum,
232 2340 368 2414 graece
385 2316 462 2384 alia
480 2341 508 2384 c.
528 2316 649 2386 latina
667 2318 981 2410 interpretatione,
1008 2318 1088 2386 alia
1104 2344 1192 2389 ara·

93 2416 189 2503 hice,
219 2408 349 2487 litteris
373 2408 743 2515 deferiptasyriacn,
773 2441 818 2485 esc
837 2421 981 2487 Catena
997 2421 1034 2488 in
1050 2419 1190 2489 Penta·

89 2518 265 2590 teuchum
281 2512 403 2617 inspta
423 2516 672 2588 Bibliothecae
690 2518 938 2603 Bodleianoe,
966 2545 995 2589 c.
1018 2515 1109 2620 cers
1130 2526 1188 2593 102

89 2622 299 2719 Gagnierii.
334 2619 491 2688 Accedit
509 2619 749 2716 Spicilegium
764 2619 925 2691 Patrnm
940 2623 1189 2714 auertendam

92 2723 254 2792 aliorum
271 2722 368 2789 tertii
387 2745 411 2788 a
430 2717 514 2787 Chr.
533 2745 567 2787 n.
587 2723 666 2790 Sec.
694 2733 806 2814 atque
823 2725 860 2791 in
881 2721 951 2792 hoc
968 2726 1105 2795 Leonis
1119 2725 1188 2797 Al·

90 2823 175 2892 latii
191 2825 319 2891 Diatr.
342 2821 386 2891 de
401 2819 606 2892 Methodiis
628 2846 673 2891 ac
694 2821 976 2895 Methodiorum
983 2817 1136 2923 scriptis
1151 2838 1189 2896 et

91 2924 240 2993 Claudii
266 2916 439 3021 Salmafii
466 2922 763 2995 Commentarius
787 2923 981 2995 inchoatus
1006 2929 1043 2994 in
1061 2930 1187 2997 Arno·

87 3021 200 3108 bium,
226 3049 323 3093 nunc
338 3029 502 3119 primum
523 3026 652 3107 celitus,
684 3025 838 3121 darique
856 3033 919 3119 Ap
949 3027 1083 3097 endicis
1102 3029 1184 3099 loca

88 3124 301 3195 Chalcidicis
324 3130 374 3203 in,
390 3129 585 3199 Timaeum
606 3127 778 3198 Platonis
800 3126 901 3223 philo
920 3127 1024 3223 ophi,
1063 3153 1183 3199 enten-

85 3228 198 3299 datus
214 3241 251 3299 et
269 3231 366 3297 notis
383 3218 603 3323 illustratus,
630 3229 767 3299 Hamb.
789 3230 897 3303 1718.
920 3228 990 3300 fol.
1004 3228 1063 3319 **)
1111 3234 1183 3303 Re·

82 3328 174 3401 ferri
191 3347 227 3401 et
245 3330 320 3399 huc
335 3327 505 3422 pellunt:
530 3334 707 3401 Euseun
727 3325 873 3430 Caesar.
892 3334 1132 3401 Prooemium
1144 3344 1182 3401 et

86 3434 225 3527 Capita
240 3433 369 3524 priora
386 3422 723 3525 Demonstrationis
743 3433 999 3529 evangelicae,
1029 3456 1126 3525 quae
1144 3435 1181 3501 in

83 3529 303 3603 editionibus
329 3529 506 3603 hactenns
531 3524 801 3629 ‹hfiderantnn
841 3559 937 3629 quaa
962 3559 1009 3603 ex
1035 3530 1180 3605 Biblio-

88 3682 322 3696 m

113 3774 138 3839 ⁰)
158 3772 271 3826 Journ.
296 3771 345 3823 des
370 3770 489 3823 Sonans
509 3789 536 3823 a.
557 3776 628 3828 1715.
648 3772 727 3826 11ὀυ.
744 3789 772 3843 p·
787 3776 847 3829 549.
893 3772 1015 3828 Cttntct
1038 3770 1181 3829 Biblioth.

149 3838 287 3895 unciaria.
305 3847 334 3891 el
350 3841 484 3895 moilern.
504 3840 530 3895 ll
537 3842 563 3905 l,
582 3847 642 3897 448.
677 3845 751 3896 Ana
768 3838 889 3896 Erudit.
905 3861 929 3895 a.
949 3849 1024 3900 1715.
1040 3863 1070 3917 p·
1086 3847 1146 3900 433.

115 3936 153 3994 ”)
171 3933 245 3986 Acta
262 3932 383 3985 Erudit.
402 3953 425 3985 a.
445 3939 518 3991 17111.
539 3952 567 4002 p.
586 3939 676 3989 etta
706 3939 778 3990 1718.
821 3940 903 3992 All.
944 3936 1090 3991 Mende
1111 3936 1182 3990 Tre·

144 4018 232 4055 vaur
247 4020 271 4057 a.
292 4008 364 4058 1717.
384 4003 467 4077 lehn
485 4022 514 4073 p.
529 4008 590 4059 2⁷25.
607 4022 632 4056 a.
653 4010 725 4059 1720.
752 3951 836 4056 1111.
858 4026 885 4079 p.
900 4011 960 4061 213.
998 4008 1111 4061 Jotrrn.
1130 4006 1182 4056 des

146 4070 264 4122 Sonans
286 4090 311 4124 a.
330 4076 404 4126 1716.
430 4071 500 4125 Dec.
527 4088 553 4138 p.
572 4076 631 4126 6:35.
656 4092 683 4127 a.
700 4078 775 4129 1719.
803 4073 866 4125 lan.
890 4092 916 4142 p.
933 4080 974 4129 nl.
1026 4072 1181 4133 Deutsehe

144 4141 217 4190 Aeta
238 4138 357 4191 lirrnh'l.
374 4139 424 4198 tv,
439 4145 496 4195 400·
514 4141 550 4205 V,
561 4145 620 4199 544.
656 4144 741 4196 Neue
756 4134 1180 4210 1111111111·1111110111.1’1,31.
