2542 4724
98 216 192 295 XIV

97 400 315 497 Poetarum
332 388 664 486 ehriffianoriam,
688 394 804 470 iuris
820 397 1007 475 canonici
1028 409 1196 499 veteris,

97 532 188 637 post
222 556 320 631 quas
351 530 621 607 Bibliothecas
648 533 814 605 Patrum
841 553 988 610 eorum
1016 538 1195 621 Catenae

97 681 481 747 commemorantur.
532 668 582 739 In
616 664 807 767 operibus
840 664 906 743 his
936 672 1196 755 recensendis

96 806 244 881 Tuon.
261 806 461 877 Irrrorus
481 782 643 919 egregia
652 799 818 901 quidem
831 799 1198 912 studiaiamposuit

97 964 144 1015 ac
166 937 218 1013 de
239 938 477 1012 Bibliotlrecis
498 953 536 1012 et
554 938 705 1013 Gotarzis
719 938 880 1014 Parrum
898 950 1083 1044 variisque
1098 965 1198 1022 vete·

95 1106 182 1153 rum
198 1076 431 1173 Scriptorum
447 1065 773 1173 coelestusticorum
791 1080 1076 1170 collectionibus,
1096 1100 1196 1157 troc·
1224 1052 1227 1065 Ι

37 1179 45 1197 ’
96 1229 221 1288 totum
252 1208 495 1309 singularem
526 1208 712 1309 publicae
737 1210 821 1285 luci
846 1212 1048 1314 exposuit3
1075 1217 1195 1295 illurn

92 1362 229 1425 tamen
240 1344 451 1421 curatione
465 1340 706 1446 conscriplit,
718 1346 914 1423 utetialiis
925 1350 1189 1450 relinqueret,

92 1484 140 1559 in
159 1482 305 1582 quibus
323 1479 488 1581 ingenia
504 1478 574 1553 l'ua
590 1497 836 1557 exercerent.
878 1466 1089 1561 'Ordinem
1114 1513 1192 1588 ego

92 1644 182 1725 non
197 1617 329 1693 solum
337 1615 514 1706 mutavi,
541 1612 745 1691 sedmulta
760 1642 936 1718 quoque,
953 1620 1001 1696 ab
1009 1625 1190 1699 Iraroro

41 1786 45 1795 ·
91 1749 354 1857 pratermilla,
371 1750 522 1827 addidi.
1223 1744 1227 1753 '

100 1942 103 1949 -
197 1890 396 1967 Omnibus
424 1888 490 1965 bis
518 1885 726 1991 expolitis,
746 1914 876 1991 pergo
893 1890 937 1966 in
959 1893 1192 1970 narratione

19 2058 24 2069 ·
93 2024 145 2105 de
168 2027 282 2104 libris
301 2028 464 2100 Patrum
480 2050 526 2099 ac
546 2024 688 2126 Capite
704 2042 840 2125 quarto
856 2024 1014 2127 disputo
1032 2026 1083 2102 de
1095 2025 1192 2132 scri·

89 2170 166 2269 ptis
175 2152 526 2262 PatrumEcclefiue
534 2164 762 2251 adulterinis,
772 2158 1023 2266 controversis,
1034 2191 1191 2266 corrup·

92 2307 140 2377 tis
162 2328 209 2375 oc
234 2300 454 2398 deperditur
483 2297 625 2398 Capite
648 2304 778 2397 quinto
807 2313 941 2374 autem
970 2296 1021 2376 de
1037 2298 1191 2405 scriptis

88 2442 252 2515 Patrum
266 2426 460 2535 Ecolefiae,
478 2438 517 2505 in
533 2437 684 2533 linguas
692 2442 914 2534 Europaeos
929 2432 1119 2538 conversis,
1134 2436 1186 2513 de

88 2596 238 2649 eorum
253 2567 541 2667 interpretibus
562 2592 657 2642 cum
670 2568 989 2667 antiquioribus,
1008 2573 1185 2648 maxime

86 2700 245 2785 Rufino
262 2729 307 2778 ac
325 2701 558 2793 Gennadio,
585 2718 673 2777 tum
688 2703 998 2796 recentioribus,
1017 2708 1088 2805 qui
1112 2711 1187 2783 Pa·

86 2856 200 2919 trum
215 2854 481 2916 monumenta
491 2840 832 2917 converteruntin
842 2841 1001 2942 linguas
1010 2841 1185 2945 hispani·

87 3004 189 3068 cum,
209 2976 419 3079 anglicam,
438 2975 635 3076 gallicam,
652 2974 870 3075 belgicam,
886 2979 1078 3069 italicam,
1095 2977 1186 3054 lue·

87 3115 239 3205 sicam,
276 3111 545 3215 germanicam
578 3136 623 3185 ac
648 3112 791 3214 Capite
814 3110 927 3219 sexto
962 3113 1183 3218 descriptis

83 3238 449 3345 PotrumEcclefioe‚
461 3242 631 3348 expofitis
641 3266 752 3347 utque
762 3244 962 3349 illustratis,
973 3250 1182 3353 speciatim

84 3387 137 3463 de
154 3389 218 3477 iis,
239 3384 310 3483 qui
328 3380 412 3485 ipsa
427 3387 592 3457 Patrum
608 3382 751 3486 scripta
770 3382 986 3461 ediderunt
1002 3413 1046 3461 ac
1063 3403 1181 3465 notas

83 3521 371 3609 adiunxerunt,
395 3518 845 3617 quimonumentabaec
854 3522 963 3595 notis
973 3522 1183 3599 variorum

82 3656 378 3745 instruxerunt,
427 3651 794 3729 anirnadverfiones
838 3653 926 3730 suas
970 3655 1182 3759 separatim

80 3792 355 3894 vulgaruntac
364 3806 571 3892 praeterea
581 3787 799 3889 singulares
811 3796 1174 3871 connnentationes

81 3927 126 4005 in
140 3926 284 4031 [cripta
300 3931 465 4001 Parrum
486 3924 810 4027 composuerunt.
1190 3930 1193 3935 '

184 4062 386 4139 Omnibus
403 4060 468 4135 his
486 4060 727 4161 explanatis,
746 4081 944 4142 converto
963 4090 1029 4140 me
1047 4064 1099 4140 ad
1113 4092 1179 4144 re·

78 4198 190 4301 liqna
212 4199 341 4304 capita
365 4196 609 4291 enarranda,
634 4223 737 4300 quae
751 4200 926 4277 maxime
945 4200 997 4277 od
1013 4207 1179 4279 Pannrn
