2542 4724
76 254 83 267 ’
119 296 197 373 498
449 281 602 373 cir.
636 281 703 354 lx.
764 278 890 381 §.·86.

25 548 29 555 ,
81 568 83 573 ,
125 481 328 573 eodemque
344 472 542 545 ratiocinia
567 469 700 539 centies
717 469 755 537 in
771 458 926 565 scriptis
942 461 1022 568 fuis
1048 470 1223 544 inculcat,

125 585 259 659 Eidem
275 578 406 648 mentis
422 574 613 667 conceptui
631 570 767 640 riiutius
787 568 962 654 inhaeret,
984 575 1225 665 quem-variis

54 766 59 773 ,
125 684 247 757 modis
265 669 426 779 effatur,
451 675 540 744 etin
559 673 658 742 locos
676 676 886 740 co'nnnunes
904 695 1097 745 excurrere
1119 674 1225 747 ·olet.

125 791 368 882 Argumenta
390 779 583 847 innurttero
607 796 654 842 ex
685 772 811 866 aliquo
836 775 1017 868 principio
1043 666 1227 875 edideruit

129 904 333 980 corpusque
361 876 631 957 theotonicum,
667 887 708 942 ut
741 876 795 942 ito
831 874 983 968 loquor,
1020 874 1226 947 latinorum

128 991 288 1059 Petrum
298 1035 307 1066 ,
336 932 510 1074 quiposd
526 968 644 1074 ipsum
669 977 863 1056 vixerunt,
892 965 1117 1073 efformavit.
1171 980 1227 1048 Hi

118 1080 305 1188 fiquident
330 1105 376 1151 erc
400 1078 495 1149 illius
519 1075 618 1145 libris
645 1100 719 1146 non
743 1088 893 1144 tontum
910 1070 1109 1174 hauserunt
1122 1081 1227 1173 prin.

130 1191 240 1285 cipio,
267 1180 396 1281 quibus
413 1170 465 1278 uſs
481 1172 587 1278 sunt,
604 1170 674 1278 sed
691 1179 805 1248 etiam
815 1174 1034 1275 frequenter
1055 1180 1228 1251 eumdem

129 1312 229 1361 mere
254 1275 584 1381 transscripserunt.

230 1386 814 1491 Gennen1usMaffil.,'quem
845 1391 874 1467 fi
902 1396 986 1491 quis
1019 1394 1228 1475 existimare

115 1506 241 1591 ‚veiit,
274 1518 372 1574 recte
397 1498 445 1571 ad
468 1501 599 1570 locum
623 1496 725 1568 hunc
749 1494 880 1567 referri
902 1523 944 1568 ac
969 1500 1226 1595 scriptoribus

90 1692 94 1697 ,
129 1603 369 1701 systematicis
394 1596 631 1672 annumerari
658 1598 706 1669 ob
733 1598 874 1669 librum
899 1600 944 1669 de
966 1600 1229 1699 Dogmotibus

131 1694 389 1805 ecclesiasticis,
424 1701 512 1772 sciat
540 1701 622 1783 ille,
656 1697 692 1769 se
722 1698 763 1768 in
794 1700 961 1794 perversa
989 1701 1229 1797 persuasione

129 1806 275 1883 versari.
310 1807 589 1900 PerDoguuzto
608 1790 842 1898 ecclefinstica
856 1801 1035 1901 intelligit
1051 1829 1107 1890 ea,
1130 1828 1229 1901 quae

11 1966 16 1975 .
128 1925 275 2003 recepta
293 1904 437 1977 suntin
455 1898 612 1974 Ecclesia
630 1926 672 1972 ac
695 1918 826 1972 contra
842 1902 1049 1976 haereticos
1067 1906 1227 2001 quosvis

127 2008 298 2085 stabilita.
351 2005 529 2079 Recenset
543 2002 606 2073 iiie
617 2002 833 2074 Gennadius
851 2003 1021 2091 breviter,
1036 2002 1115 2079 stne
1127 2002 1227 2079 iusto

130 2137 174 2183 oc
198 2109 360 2181 nattuali
386 2106 536 2179 ordine:
570 2104 722 2175 nullum
746 2103 1039 2200 compendium,
1073 2108 1229 2181 nullum

129 2210 285 2306 systema
313 2209 427 2281 nobis
458 2206 581 2279 tradit.
642 2212 732 2276 Non
766 2205 963 2301 acquiescit
985 2206 1026 2279 in
1045 2204 1132 2281 iola
1160 2208 1229 2281 do·

130 2310 268 2417 gmatis
294 2310 566 2406 explicatione,
594 2306 656 2380 sed
679 2305 820 2379 indicat
845 2331 999 2405 quoque
1020 2309 1229 2398 interdum,

130 2416 193 2489 cui
207 2413 306 2486 illud
325 2408 541 2508 oppositum
558 2407 613 2480 fit.

229 2530 372 2604 Maiori
388 2529 469 2598 iure
485 2527 558 2597 huc
574 2524 762 2599 referendi
778 2525 865 2599 sunt
879 2522 1229 2631 Istnonosllispo·

130 2624 251 2732 lenfis,
280 2631 386 2702 cuius
410 2614 685 2699 Sententiarum
707 2625 810 2698 Lito.
829 2634 896 2699 ΙΙΙ
916 2632 956 2700 in
975 2628 1139 2703 Eccleiia
1165 2656 1228 2704 oc·

130 2733 325 2815 cidentali,
361 2754 480 2824 usque
510 2729 555 2799 ad
586 2747 734 2824 tempus
768 2727 1082 2803 scholasticorum
1112 2749 1228 2829 typus

130 2836 232 2933 quast
257 2852 293 2905 et
318 2832 533 2925 exemplum
559 2831 732 2901 methodi
751 2830 984 2929 dogmaticae
1002 2830 1165 2907 fuerunt
1179 2834 1227 2925 *),

130 2957 168 3011 et
186 2944 400 3015 luiturus,
428 2933 551 3026 Epieo.
578 2931 800 3016 Africanus,
830 2958 914 3004 cum
940 2934 1012 3005 suis
1035 2927 1231 3037 Quaestio·

128 3066 219 3109 retent
257 3050 293 3106 et
323 3024 609 3133 Responfionum
648 3034 693 3103 de
731 3032 902 3127 partibus
943 3038 1094 3106 divinoe
1136 3038 1229 3139 legis

127 3139 233 3211 Libb.
258 3143 305 3207 ΙΙ
326 3138 376 3206 ad
399 3126 640 3230 Primnfium,
677 3140 1079 3229 quoslo.Gnsr1os,
1120 3140 1228 3213 Beiil.

128 3240 238 3315 1546.
265 3244 300 3311 ὃ.
333 3237 471 3321 edidit,
501 3236 713 3330 quibusque
729 3235 937 3312 formulam
952 3239 1151 3336 quandam
1168 3242 1229 3335 sy·

125 3338 287 3415 [tentatis
305 3338 511 3438 dogmatici
528 3336 710 3435 exposuit.

607 3542 642 3633 §.
676 3541 739 3617 86.

224 3710 418 3813 Quamvis
443 3714 578 3783 Patres
611 3708 809 3784 Ecclefiae
843 3711 954 3785 nulla
991 3708 1232 3890 theolpgiae

126 3808 376 3912 dogmaticae
401 3809 662 3911 compendia,
699 3809 781 3887 iive
807 3809 1017 3912 systemati
1049 3838 1101 3889 co
1152 3804 1230 3893 cri·

124 3980 334 3995 *nn——

155 4072 181 4139 ⁰)
199 4068 264 4148 Viti.
284 4068 406 4140 Progrr.
424 4069 459 4123 de
476 4068 562 4131 Lito.
579 4068 634 4127 111
653 4070 881 4132 Sententiarum
899 4068 1013 4138 Ifidorr'
1028 4036 1230 4153 Hilpoicntis.

189 4138 327 4211 litgium.
346 4144 412 4198 1826
430 4137 469 4215 sq·
493 4145 519 4199 4.
1081 4202 1087 4207 .
