2542 4724
397 323 486 399 Ca
512 346 546 395 r.
574 328 669 413 vu„
708 325 741 413 §.
768 328 830 398 72.
1073 268 1148 405 435
1220 430 1223 435 .

53 514 156 593 inira
191 508 407 597 differendi,
457 509 527 585 erit
558 508 711 583 occasio.
777 508 873 583 Non
914 512 1145 601 mediocrem

54 620 262 693 utilitatem
292 616 357 685 illa
388 608 517 706 afferre
548 613 595 683 ad
626 614 867 708 antiquitates
894 614 1142 711 ecclesiasticas

56 717 300 803 enarrandae,
324 716 445 786 immo
462 713 526 784 has
543 710 617 785 fine
628 710 704 785 istis
719 739 801 809 non
816 715 957 812 semper
975 738 1143 788 accurate

54 818 251 917 explanari
273 814 393 913 polle,
436 816 613 910 quisque,
656 817 709 887 rei
739 817 900 909 peritus,
949 817 1153 889 fatebitur.·

53 916 245 995 Monstrat
266 920 359 990 hoo:
395 916 662 1011 (lanipendium
689 920 956 1010 orttiqnitatum
982 915 1142 1017 ecclcsia-

44 1014 250 1121 fticorum,
276 1044 323 1091 cx
340 1014 587 1113 Scriptoribus
604 1017 846 1114 apologeticis
862 1022 1145 1116 earumdemque

57 1116 424 1197 commentatoribus
450 1108 709 1213 compofitunt‚
749 1120 855 1212 quod
873 1145 960 1191 cura
986 1127 1043 1193 Io.
1074 1126 1141 1195 Ge.
1168 1176 1171 1181 ψ

59 1222 223 1297 Walcltii
237 1224 279 1293 in
296 1223 421 1293 lucem
437 1219 601 1315 prodiit,
629 1219 728 1315 Lips.
748 1220 855 1293 1733.
884 1220 920 1293 8.
969 1228 1060 1295 Non
1082 1223 1142 1295 so·

55 1320 146 1399 lunt¹
158 1342 283 1397 tamen
302 1348 347 1395 ex
362 1320 451 1393 solis
468 1320 572 1391 libris
589 1321 841 1419 apologeticis
855 1318 994 1393 notitia
1009 1326 1144 1397 harum

55 1426 328 1523 antiquitatum
345 1422 555 1499 ¹haurienda
581 1418 649 1506 est,
682 1420 880 1494 sedetiam
904 1424 969 1495 alii
989 1430 1144 1499 Patrunr

55 1528 146 1601 libri
168 1526 275 1613 sunt,
312 1524 379 1620 qui
400 1523 500 1595 viam
519 1522 566 1593 acl
585 1538 726 1595 veteres
749 1524 843 1597 ritus
862 1526 1143 1623 cognoscendos

55 1644 204 1728 parant.
264 1632 436 1799 puerum
460 1625 645 1695 nonnulla
670 1627 838 1719 exempla
867 1643 910 1697 ut
934 1622 1156 1711 afferamus,-
1252 1674 1256 1689 ·

59 1730 198 1803 adduci
209 1752 261 1823 po
291 1744 380 1799 unt:
407 1732 705 1799 Taenarium
725 1726 831 1796 Libri
849 1724 894 1797 de
912 1728 1059 1799 Corona
1076 1734 1145 1799 nri·

59 1834 134 1903 litis
142 1856 160 1911 ,·
177 1829 223 1903 de
238 1826 386 1907 Pollia;
405 1827 450 1898 de
463 1830 506 1895 V
503 1826 642 1896 clandit
651 1825 878 1927 uirginibu55
894 1808 986 1919 it&
1004 1836 1145 1905 Talao·
1166 1816 1176 1821 ¹*

60 1943 227 2005 nonant
249 1948 361 2026 atque
378 1930 539 2000 aliorum
558 1926 701 2022 scripta.

161 2038 399 2131 Paganorunr
413 2030 647 2123 Scriptorum
665 2050 912 2105 monumenta
929 2036 1024 2104 lecta
1039 2032 1147 2107 luisse

59 2136 270 2209 litterarum
297 2130 432 2216 cauffa,
467 2132 512 2202 ab
537 2130 755 2203 hominibus
776 2132 989 2205 christianae
1004 2136 1153 2231 profes.

59 2236 176 2313 lisania
184 2251 298 2331 patet.
326 2233 397 2307 Sed
406 2240 621 2303 Patresnon
637 2230 879 2307 omnesidem
894 2235 1084 2307 senserunt
1101 2239 1158 2311 da·

60 2336 316 2435 profanorum
331 2334 516 2407 librorum
534 2332 706 2404 lectione.
763 2334 952 2407 Nonnulli
969 2338 1146 2431 probant,

63 2436 283 2521 defendunt,
305 2434 571 2508 commendant
582 2433 697 2518 illam,
717 2462 791 2535 e.-g.
804 2444 1160 2521 TanrunnrlnuS,'

63 2540 111 2613 de
126 2540 352 2613 Idololatria
377 2542 463 2631 Cap.
481 2542 550 2619 X.;
591 2540 882 2622 Garunnae,
907 2538 949 2609 in
966 2538 1158 2615 Plrilocal..

65 2648 152 2739 Cap.
171 2646 271 2713 xt11.
297 2639 380 2711 add.
398 2644 602 2711 Eucaerus
625 2638 665 2707 in
683 2631 777 2733 Ilist.
798 2640 881 2711 eccl.
901 2646 962 2722 Vl,
992 2642 1048 2712 18.
1068 2642 1150 2725 194

66 2748 307 2815 (intuentos
322 2742 524 2822 Nazianz„
550 2737 591 2809 in
611 2737 777 2811 Oratian.
795 2746 900 2824 XX.;
933 2745 1149 2814 Hrnaour·

67 2868 176 2931 aaut,
207 2843 338 2937 inOEp.
358 2838 418 2915 84.
443 2840 494 2909 ad
516 2840 709 2937 Magnum
732 2856 936 2925 oratorem,
971 2866 1015 2913 ac
1038 2843 1152 2915 multi

66 2944 142 3017 alii.
202 2948 390 3027 Fuerunt,
427 2942 492 3036 qui
524 2942 581 3013 his
611 2960 862 3041 repugnarent
891 2966 935 3013 ao
963 2962 1165 3037 putarent,·

10 3048 13 3063 '
67 3040 278 3119 christianis
304 3069 325 3117 a
351 3043 515 3115 lectione
535 3044 721 3115 librorum
744 3044 944 3141 gentilium
970 3041 1152 3116 abstinen-
1204 3092 1211 3105 ·

69 3146 162 3219 dum
176 3144 255 3218 elle.
290 3150 335 3216 In
355 3134 678 3238 constitutionibus
694 3136 901 3240 apostolicis
918 3143 1001 3213 Lib.
1017 3150 1043 3214 I.
1062 3152 1101 3216 O.
1112 3144 1148 3219 6.

70 3246 203 3321 diserte
233 3245 416 3319 sancitum
448 3245 629 3343 legimus:
669 3244 730 3316 Ab
765 3243 933 3317 anniibus
958 3245 1153 3343 gentilium

10 3436 12 3443 Ι
69 3346 169 3421 tibris
185 3338 332 3445 abstine.
390 3346 490 3447 (inid
516 3350 612 3417 eninr
636 3344 702 3417 tibi
726 3372 809 3416 curn
833 3346 961 3415 alienis
972 3340 1151 3445 sermoni·

10 3476 14 3494 ³
69 3446 156 3535 laus,
182 3448 242 3521 vel
259 3446 419 3546 legibus,
453 3447 513 3517 vel
531 3440 637 3546 folfis
656 3446 870 3541 Prophetis,
897 3471 991 3541 qrtae
1008 3450 1154 3542 quidem

10 3622 19 3631 ,
68 3564 105 3621 et
126 3548 290 3623 homines
308 3550 401 3619 leves
425 3561 598 3618 avertunt
620 3574 644 3617 a
657 3544 771 3647 side?
805 3548 904 3649 prad
929 3553 1062 3620 electim
1088 3546 1155 3620 tibi

68 3641 166 3748 deest
189 3654 226 3721 in
251 3650 333 3749 lege
351 3652 445 3731 Dei,
483 3663 523 3717 ut
544 3650 595 3719 ad
618 3650 700 3719 illas
715 3654 883 3745 gentiunt
900 3640 1063 3741 fabulas
1090 3676 1158 3745 ap-

10 3784 15 3799 ·
66 3752 189 3845 pellas
216 3750 410 3822 animum?
452 3750 498 3821 ad
525 3774 636 3845 quam
659 3750 879 3823 sententiam
906 3750 1037 3821 itidem
1061 3775 1157 3821 non-

10 3912 12 3933 ,
65 3854 170 3925 nulli
185 3852 320 3924 veteris
336 3848 515 3923 Ecclesiae
531 3858 715 3924 Doctores
734 3850 955 3923 accesserunt
972 3852 1174 3923 eamdem··

10 3946 13 3967 '
65 3980 145 4051 que
162 3954 382 4051 probarunt.
436 3949 817 4036 Exstiteruntetiarn,
844 3953 974 4047 quiin
995 3954 1174 4023 mediam·

63 4058 172 4131 viam
189 4050 336 4153 ingrelsr
353 4052 563 4135 statuerent,
582 4054 762 4147 profanos
780 4058 963 4127 auctores
979 4052 1161 4149 legendos

60 4156 158 4243 elle,
196 4178 238 4229 ea
261 4156 429 4241 ratione,
464 4172 507 4226 ut
534 4154 656 4229 debita
682 4156 807 4227 cautio
834 4156 1052 4227 adhibeatur·
1071 4176 1162 4223 noa-

817 4256 899 4327 aa*
