2542 4724
420 105 503 182 ΟΔ
529 127 567 176 ι’.
594 106 691 181 VIII.
724 46 777 192 ’5.
803 104 866 179 78.

158 322 262 375 uram
278 314 390 391 atque
406 290 580 365 umbram
593 290 771 379 illorum,
798 312 894 389 quae
912 289 956 364 in
978 314 1087 375 novo
1105 318 1193 373 eve·

148 427 181 473 re
203 399 421 471 debuerunt.
549 412 552 417 '

159 514 165 525 '
203 507 496 573 Tneouonurt
517 486 753 596 Quaesstioues
767 496 803 565 iu
820 492 1134 584 Pentateuclrum3
1149 498 1195 571 in

131 594 404 700 ibroslosuae,
431 598 619 679 Indicum,
647 595 767 681 Rutlr,
806 597 1008 682 Sarnuelis,
1041 603 1194 696 Regum

126 723 141 775 t
158 702 492 795 Paralipomenon,
532 698 667 791 quibus
693 697 758 768 ille
778 695 1001 769 monstravit
1023 701 1193 790 quidem,

115 807 141 876 fe
158 804 366 898 Scripturas
384 806 417 870 S.
437 824 478 870 ac
495 798 729 898 Theologiae
745 797 908 892 peritum
925 796 1011 885 esse,
1038 800 1197 873 tradidit

107 925 230 977 autem
250 903 437 973 nonnulla
459 900 593 973 inutila
625 924 666 971 ac
683 899 838 996 longius
862 901 990 995 petita.
1050 902 1195 975 Attulit

101 1028 377 1098 nonnunquam
397 1001 611 1098 allegoricas
629 1023 705 1082 res,
740 1019 916 1071 nontam
934 1019 1058 1075 textus
1075 1005 1194 1098 expli·

103 1106 233 1190 candi,
263 1128 374 1199 quam
393 1121 547 1173 ornatus
567 1098 694 1172 caussa.
749 1107 896 1173 Praeter
911 1104 1019 1186 haec,
1047 1104 1120 1175 alia
1135 1105 1193 1175 in·

104 1208 205 1305 genii
221 1221 467 1276 monumenta
489 1202 649 1296 reliquit.
701 1208 955 1274 Pervenerunt
979 1204 1027 1274 ad
1049 1229 1124 1277 nos
1146 1205 1194 1277 il.

102 1310 176 1383 lius
207 1308 470 1399 Interpretatur
501 1307 539 1373 iu
565 1307 627 1372 CL
652 1295 839 1401 Psalmos,
874 1316 947 1396 qua
972 1304 1190 1378 Theodore-

103 1429 166 1481 tus
182 1402 486 1498 chrysostomum
506 1404 702 1499 diligenter
717 1404 886 1476 imitatus
904 1402 963 1488 est,
989 1407 1029 1475 iu
1048 1406 1192 1479 senten·

104 1513 167 1582 tiis
182 1509 319 1602 pariter
340 1530 383 1577 ac
402 1505 543 1589 verbis3
575 1506 808 1600 Explauatio
824 1510 860 1575 iu
879 1509 1076 1576 Canticum
1092 1509 1189 1578 Cau·

103 1598 281 1694 tironem,
317 1632 410 1701 quaa
432 1606 530 1676 inter
555 1606 633 1677 eius
652 1605 785 1701 scripta
807 1607 937 1677 locum
955 1607 1110 1702 quidem
1121 1610 1188 1680 ob-

102 1712 236 1794 tinuit,
264 1709 427 1779 rutiones
446 1726 570 1778 autem
588 1707 674 1776 sunt
689 1730 769 1777 non
788 1708 1096 1793 contemnendae,
1124 1735 1188 1780 cur

104 1813 209 1891 docti
231 1810 308 1881 Viri
334 1808 523 1887 dubitant,
560 1807 845 1879 Theodoretum
868 1806 970 1880 istius
993 1826 1187 1885 auctorem

104 1911 190 1997 esle3
220 1912 578 1981 Commentariorum
599 1911 636 1978 in
652 1901 810 2009 Iesat'am
829 1911 1042 2005 Excerptm
1077 1910 1184 1983 Corn·

102 2016 306 2087 memorius
330 2014 366 2080 iu
386 2013 606 2088 Ieremiam5
645 2013 940 2082 Cornmeutarius
964 2014 1000 2082 iu
1023 2012 1183 2097 Boruclr,

102 2119 140 2187 iu
160 2114 323 2185 Tlrrenos
339 2113 532 2195 Ieremiae,
560 2110 807 2198 Ezechielem,
834 2108 1091 2184 Danielem'et
1109 2116 1185 2184 XII

102 2215 310 2312 Prophetas
324 2216 491 2283 utiuores.
533 2212 727 2282 Accedunt
753 2213 1017 2283 Commentarii
1033 2217 1070 2284 iu
1087 2218 1187 2287 XIV

101 2309 288 2413 Epistolas
311 2316 452 2397 Paulli,
492 2331 602 2406 atque
625 2313 677 2383 ita
703 2313 813 2386 etiam
836 2316 875 2385 in
904 2319 976 2411 Epi
992 2316 1112 2387 telam
1137 2316 1184 2386 ad

103 2417 294 2501 Ebroeos,
339 2414 475 2510 quibus
507 2440 569 2497 ea,
614 2438 707 2508 quae
740 2412 1025 2507 Chrysostomus
1055 2416 1201 2490 verbo-

103 2517 176 2593 sius
200 2517 407 2611 scripserat,
451 2514 613 2585 breviter
639 2516 787 2587 exhibet
817 2541 858 2587 ac
881 2518 1009 2613 paucis
1032 2519 1205 2590 obscure

105 2621 201 2690 dicta
221 2614 444 2712 expianat*).
471 2621 583 2687 Mora
600 2617 759 2688 aliorum
777 2617 1023 2714 interpretum
1044 2644 1065 2691 a
1081 2638 1200 2693 textu

103 2720 309 2818 digreditur
328 2737 362 2788 et
380 2735 502 2813 captat
521 2715 769 2802 occasionem,
800 2721 975 2818 dogmata
994 2746 1199 2816 exponen-

103 2823 140 2892 di
165 2839 274 2916 atque
297 2821 455 2891 Arianos
480 2817 689 2905 refutandi;
724 2845 764 2891 ea
791 2838 914 2893 tamen
942 2814 1122 2909 ratione,¹
1139 2838 1188 2893 ut

97 2920 233 2993 iustum
253 2922 411 2992 modum
430 2939 564 2991 teneat.

200 3030 369 3094 Dmrut
386 3024 494 3092 Alex.
513 3025 548 3090 iu
566 3027 663 3118 Epp·
681 3026 717 3096 S.
729 3028 886 3097 Joaunis
901 3040 937 3095 et
952 3029 988 3096 iu
1002 3030 1074 3121 Ep.
1084 3025 1177 3096 Petri

99 3129 261 3221 primam
279 3127 482 3193 Eunrrotio
506 3124 621 3194 latina
645 3150 748 3197 nunc
772 3127 938 3221 primum
960 3151 990 3197 c.
1008 3126 1168 3225 fragrem.

99 3229 221 3325 graeci
240 3226 456 3321 exemplaris
483 3224 555 3295 suis
579 3226 675 3297 locis
699 3226 914 3321 interposrta
939 3228 1026 3299 edit.
1044 3253 1065 3299 a
1081 3232 1163 3299 Gra.

99 3334 198 3398 Can.
212 3333 243 3406 J.
260 3329 421 3412 Liic1t123
447 3327 487 3395 in
504 3327 632 3416 Ejusel.
655 3320 917 3429 Quaestionum
932 3354 976 3399 uc
991 3334 1034 3399 V
1031 3330 1164 3399 iudicio·

97 3455 180 3498 rum
198 3430 418 3526 Didymiau.
437 3429 570 3498 Partic.
589 3433 634 3496 11.
655 3434 718 3498 III.

194 3535 392 3599 Isrnoncs
412 3535 654 3599 Prrusrora
682 3531 893 3627 interpretis
918 3555 1059 3603 munus
1084 3530 1164 3603 mol·

96 3633 198 3703 risio
219 3626 391 3726 Epistolis
413 3629 588 3723 suscepit,
623 3632 683 3699 cui
707 3658 781 3726 quo
807 3634 924 3702 ruodo
953 3631 1162 3714 satisfecerit,

95 3733 241 3830 egregie
273 3726 541 3801 demonstrarit
565 3738 709 3804 stenar.
736 3738 919 3804 Acarna
946 3740 1156 3805 Ntemeru

91 3898 299 3931 ...Γ-,-

127 3991 153 4053 t)
175 3986 258 4038 tias
283 3984 312 4038 1⁸¹.
325 3984 446 4041 Circuit..
466 3984 648 4040 liuterius).
666 3987 702 4038 eie
725 3986 989 4060 Tlteoelotelok'pp.
1011 3990 1135 4047 Faustin

152 4057 332 4121 interprete,
357 4056 440 4131 Lrps.
458 4062 529 4112 tte-t.
556 4064 579 4111 tl.
616 4062 652 4123 (8
668 4059 733 4125 (ir.)
