2542 4724
414 290 450 369 C
478 314 503 364 a
531 315 568 366 a.
602 298 668 367 tx.
716 292 750 383 §.
777 290 841 367 87.
1095 290 1171 371 611
1233 250 1241 267 ⁸

180 490 242 559 VI.
269 483 394 556 Multa
411 504 564 576 quoque
578 474 789 551 testimonia
805 478 972 554 veritatis
990 481 1035 556 de
1054 482 1175 557 Satis·

72 586 247 689 factione
279 575 426 681 Christi,
462 607 482 653 a
507 581 678 652 Patribus
706 578 949 655 ecclesrafiicis
977 586 1091 659 nobit
1115 609 1174 658 re·

75 692 188 775 licta,
214 688 406 759 habemus.
461 682 714 753 Tradiderunt
737 684 810 767 illi,
838 683 958 755 Iesum
985 683 1173 763 Christum

75 816 149 889 pro
174 789 333 886 peccatis
359 781 493 858 nostris
515 782 673 855 iustitiae
690 784 840 857 divinae
865 810 930 881 per
950 786 1171 885 sanguinem

76 912 116 965 et
144 909 309 963 mortem
340 876 443 958 suam
470 888 521 956 ita
548 884 776 970 satisfecisse,
815 904 859 955 ut
882 882 1074 982 pristinam
1097 888 1172 961 Dei
1240 900 1243 905 '

76 993 251 1095 gratiam,
278 990 325 1061 ad
340 988 559 1060 felicitatem
576 986 838 1087 sempiternam
857 987 1169 1083 consequendam,

74 1094 192 1167 nobis
230 1108 473 1186 recuperaret.
537 1094 739 1160 lanarius
770 1112 889 1183 quum
922 1092 1170 1177 cruciatuum,

75 1194 216 1293 quibus
243 1193 414 1265 adflictus
432 1186 547 1262 fuerit
563 1184 744 1274 Christus,
773 1190 1010 1263 mentionem
1028 1189 1171 1279 fecerit,

76 1297 202 1369 addit:
230 1300 301 1393 Ep.
329 1295 379 1363 aci
397 1296 624 1391 Smyrnaeos
650 1295 689 1361 C.
711 1292 768 1363 11.
796 1296 901 1363 ταῦτα
926 1292 1030 1364 πάντα
1054 1295 1172 1367 ἔπαθεν

75 1400 115 1469 δι’
140 1398 242 1489 ἡμᾶς,
267 1399 315 1467 ἵνα
332 1402 503 1489 σωθῶμεν,
531 1394 656 1464 onmia
678 1391 767 1462 haee
781 1384 903 1493 paffus
918 1409 1073 1490 propter
1090 1420 1172 1483 nos,

77 1492 291 1601 ntsalutem
308 1491 584 1596 consequamur.
629 1498 907 1567 Yourcrarus
925 1500 997 1590 Ep.
1016 1496 1067 1565 ad
1082 1494 1173 1569 Phi·

76 1602 168 1697 app.
187 1606 226 1671 C.
242 1602 278 1671 8.
300 1598 334 1671 9.
353 1626 399 1669 ex
414 1604 508 1669 Petr.
526 1600 573 1681 11,
591 1590 648 1667 rt.
667 1596 905 1690 pronunciat,
930 1597 1052 1668 Iesum
1068 1597 1173 1670 Chri-

75 1692 370 1803 stumsustuliffe
392 1713 549 1794 peccata
576 1686 702 1794 nostra
728 1701 764 1766 in
790 1720 944 1795 corpore
967 1692 1033 1797 suo
1054 1692 1172 1799 super

75 1804 225 1905 lignum
248 1819 286 1873 et
311 1800 502 1899 adiungit,
522 1824 618 1871 eum
641 1822 710 1893 pro
738 1796 843 1869 nobis
867 1818 1065 1871 mortuum
1089 1800 1170 1875 effe.

75 1902 222 1977 Eadem
253 1900 434 1998 professus
468 1897 517 1972 est
549 1925 591 1971 ee
624 1899 779 1971 tradidit
802 1906 998 1975 Iusrrnus
1032 1906 1170 1991 Mart,

76 2006 187 2077 cuiue
210 2004 446 2101 Apologiom
468 2004 651 2097 primam,
677 2002 891 2099 Dialogum
914 2027 942 2076 c.
966 2004 1171 2102 Tryphone

74 2106 221 2179 Iudaeo
244 2118 282 2175 et
296 2096 503 2200 Epistolom
528 2104 578 2173 ad
594 2104 829 2201 Diognetum
852 2102 919 2175 ubi
937 2105 1171 2193 evolvamus,

72 2206 117 2279 in
135 2206 521 2279 commentationibus
538 2204 614 2278 illis
630 2202 855 2289 videbimur,
873 2230 962 2277 eum
975 2204 1171 2303 appellasse

73 2308 200 2383 tetum
219 2304 342 2381 silium
358 2307 442 2390 Dei,
467 2310 660 2399 προςφορὰν,
686 2303 932 2390 oblationem,
957 2304 1075 2403 λύτρον
1091 2304 1171 2405 irio

74 2410 184 2507 ὴμῶν,
207 2412 370 2507 pretium
393 2409 628 2479 redemtionis
643 2430 713 2501 pro
731 2405 845 2493 nobis,
875 2410 990 2479 δίκαιον
1011 2406 1086 2503 ὑπὲρ
1104 2415 1171 2481 τῶν
1202 2474 1207 2485 .

73 2514 211 2597 ἀδίκων,
237 2502 369 2603 iustum
388 2535 459 2605 pro
481 2499 635 2605 iniustis,
664 2526 701 2580 et
720 2508 900 2595 docuisse,
928 2534 1001 2583 nos
1019 2510 1171 2585 liberari

75 2630 231 2687 amorte
247 2630 284 2685 et
300 2610 499 2709 participes
516 2611 596 2684 heri
612 2606 777 2683 coelestis
792 2611 920 2709 gaudii
938 2614 987 2683 διὰ
1003 2617 1064 2684 τοῦ
1079 2616 1170 2707 αἷμα·

74 2742 135 2799 τος
153 2710 258 2787 αὐτοῦ
284 2714 421 2784 καὶτοῦ
446 2714 588 2785 θανᾶτου
614 2708 732 2793 αὐτοῦ,
758 2738 826 2807 per
844 2706 1169 2813 sanguinenteitts

75 2834 115 2891 et
135 2842 204 2915 per
225 2829 384 2887 mortem
402 2819 485 2886 eius.
519 2814 628 2887 Adde
648 2820 875 2885 sarnanum
900 2816 985 2886 odo.
1005 2811 1169 2916 haereses

74 2920 163 2993 Lib.
181 2922 244 2989 ΙΙΙ.
272 2923 358 3011 Cap.
377 2916 436 2987 20.
464 2944 499 3011 p.
519 2916 606 2989 tta.
659 2913 960 2989 Satissactionem
985 2918 1083 2991 hanc
1099 2914 1184 2991 essa·

75 3019 324 3093 universalem
356 3035 393 3088 et
419 3016 603 3089 Christum
634 3041 705 3113 pro
741 3017 918 3088 omnibus
947 3019 1169 3093 hominibus

74 3145 286 3215 eorumque
301 3121 460 3213 peccatis
476 3138 640 3189 mortem
656 3115 818 3201 subiisse,
846 3118 961 3191 iidem
979 3121 1170 3215 antiquio·

74 3248 136 3295 res
160 3218 339 3293 Ecclesiae
363 3226 551 3292 Doctores
574 3216 845 3292 confessisunt.
895 3225 1167 3295 Pourcturus

74 3326 102 3397 l.
127 3348 159 3397 o.
184 3328 271 3418 Cap.
300 3320 335 3396 5.
369 3320 555 3393 Christum
586 3324 752 3392 omnium
789 3311 994 3417 ministrant
1023 3320 1171 3397 factum

76 3422 167 3510 effe,
194 3423 329 3496 scribit.
380 3428 593 3495 Ianuarius
618 3423 704 3495 odo.
729 3417 864 3594 borrel.
885 3428 929 3494 L.
946 3428 976 3495 Ι.
1002 3428 1089 3519 Cap.
1110 3424 1169 3497 17.

74 3550 113 3623 p.
129 3523 217 3600 425.
244 3522 354 3596 dicit:
389 3527 426 3594 in
451 3515 647 3621 noviffimis
664 3527 823 3619 tempori
849 3544 890 3593 us
906 3526 944 3593 in
962 3528 1170 3597 amicitiam

73 3616 233 3719 restituit
255 3646 321 3697 nos
334 3629 522 3696 Dominus
542 3618 736 3822 perssuom
752 3628 1065 3711 incarnationem,
1092 3648 1169 3697 me·

75 3730 204 3799 diator
224 3729 301 3799 Dei
324 3740 361 3797 et
380 3724 571 3797 hominum
624 3740 749 3811 attur,
781 3730 992 3822 propitians
1019 3728 1169 3823 quidem

72 3852 146 3925 pro
170 3826 277 3900 nobis
300 3831 471 3912 Patrem,
499 3831 536 3898 in
560 3854 669 3923 quem
697 3852 1004 3922 peccaveramus,
1038 3842 1076 3897 et
1100 3851 1167 3898 no·

58 3922 191 4029 stram
210 3927 494 4001 inobedientiam
515 3924 705 4030 persuum
730 3926 977 4001 obedientiam
999 3924 1167 4027 consola·

71 4046 155 4114 tus,
190 4030 394 4127 inquibus
423 4030 546 4103 verbis
578 4057 697 4127 quum
721 4028 922 4102 affirmetur
947 4030 1165 4128 generatim,

71 4128 264 4209 Christum
302 4130 446 4207 facturn
482 4130 552 4207 esso
580 4134 833 4208 Mediatorem
869 4131 1081 4221 hominurn,
1122 4130 1165 4203 id
