2542 4724
58 202 170 341 Ι774·
320 226 434 359 'eja
458 276 498 337 r.
523 254 605 334 XV·
656 225 964 343 atat-tte.

84 442 272 529 [notaria
287 386 346 519 aci
353 430 640 517 sanctimoniae
665 436 1031 531 exercitationem,
1056 438 1194 521 adhor-

84 549 262 627 tationes
295 544 388 659 piae
414 539 670 639 sanctaeque,
693 555 735 616 et
754 538 1028 658 incitamenta
1051 540 1108 630 aa
1121 546 1195 625 rit·

85 664 225 730 tutum
243 640 548 725 ahrithmarum
561 656 759 742 perpetua
771 638 915 722 studia.

534 779 747 802 w-w-v-r-u·

45 876 47 885 '
193 871 359 952 Historia
384 866 619 948 ecclesiastica
641 876 769 946 Patres
797 871 938 947 habere
958 872 1101 953 fontes
1123 878 1194 977 pri·

92 979 257 1065 marios,
285 1000 442 1071 eamque
457 998 540 1047 non
557 972 629 1045 alia
646 975 781 1071 melius
796 975 948 1048 ratione
964 1002 1092 1076 quam
1107 978 1195 1055 testi·

93 1080 238 1159 moniis
255 1084 411 1150 Petrum
435 1073 573 1148 confici
596 1098 640 1146 ao
659 1072 834 1148 illustrari
847 1074 972 1172 poss'e,
1003 1098 1126 1155 nemo
1143 1078 1195 1169 et.

95 1182 193 1277 quin
222 1177 361 1252 videat.
406 1172 645 1249 'nnuman
666 1174 908 1274 reperiuntur
932 1181 977 1251 in
1000 1182 1198 1285 Apologiit

96 1286 274 1364 rutrum,
290 1327 292 1332 ι
308 1279 350 1350 in
373 1276 623 1376 Paregyricio,
651 1278 931 1366 concionibus,
957 1286 1199 1359 Commurm-

96 1382 185 1466 riis,
209 1378 491 1461 laudationibus
506 1376 749 1466 funebribus,
780 1366 1094 1472 Collationibt‘ra‘,
1119 1387 1198 1461 Dia·

97 1479 367 1579 putationibus
385 1497 422 1551 et
439 1475 615 1575 Epistolio
633 1479 998 1571 animadverfioneo,
1030 1510 1128 1583 quae
1143 1488 1198 1560 vei

99 1580 296 1657 historiam
324 1576 596 1655 ecolefiasticam
627 1581 871 1668 confirmant,
913 1588 980 1658 vcl
1009 1584 1113 1661 facta
1139 1589 1200 1663 ob-

100 1683 226 1768 seura,
253 1706 348 1778 quae
363 1681 532 1777 alioquin
548 1679 722 1754 illustrari
737 1707 820 1757 non
831 1682 1009 1781 poliant,
1038 1690 1200 1763 enodant
1236 1778 1238 1785 Ι

101 1782 386 1892 clucidantque,
411 1785 473 1856 vel
496 1808 639 1856 errores
661 1782 702 1855 in
718 1784 829 1858 rebus
847 1786 944 1859 bene
959 1790 1125 1880 multia,
1153 1792 1198 1865 ob

99 1908 238 1989 parum
261 1900 471 1958 accuratam
491 1881 816 1984 investigationem
840 1911 925 1961 non
950 1887 1051 1966 satia
1075 1911 1198 1978 notor,

103 1985 310 2083 depellunt.
360 1991 405 2059 In
421 2010 462 2057 ra
482 1985 622 2082 quippe
638 1983 810 2060 historica
826 2012 912 2061 raro
929 2014 1042 2068 unna
1061 1991 1127 2081 eft,
1143 1994 1199 2069 ἀιί

100 2091 279 2187 negotia,
311 2102 481 2183 tempus,
516 2087 816 2183 experimentum
844 2113 997 2169 novam
1028 2092 1198 2199 quotidie

101 2189 228 2270 lucem
246 2208 283 2264 et
300 2186 499 2270 confilium
512 2186 596 2266 uon
609 2189 822 2294 praebeant.

559 2358 596 2450 §-
651 2354 738 2440 145.

209 2492 349 2598 Qualis
363 2496 529 2570 Patrum
543 2492 742 2569 Ecclefiae
758 2491 807 2571 fit
819 2499 1065 2594 Auctoritas,
1088 2501 1195 2583 daeo

102 2593 323 2672 sententiae
340 2594 796 2672 eruditorumVirorum
813 2595 917 2674 discr
976 2620 1062 2682 ant.
1118 2612 1197 2681 Tra

101 2720 244 2771 earum
257 2691 860 2800 Claffisconffitueredebemus,
875 2697 927 2773 sr'
966 2704 1193 2783 asdiflincta

79 2794 311 2874 'recensere
342 2798 530 2874 velimus.
581 2797 645 2874 Ad
675 2800 848 2899 primam
878 2800 942 2875 illi
1018 2809 1192 2895 ertinent

103 2901 176 2998 qui
208 2897 390 2975 Patribus
422 2898 691 2975 ecclesiasticis
722 2900 897 2976 nimium
933 2908 994 2979 tri
1023 2924 1132 2985 uunt
1156 2930 1193 2983 re

102 3001 314 3089 maiorem,
340 3024 462 3172 puam
484 2998 612 3092 decet,
633 3001 834 3076 honorem
850 3026 949 3104 erga
970 3006 1074 3085 istos
1091 3032 1192 3085 mon·

100 3098 226 3177 strant
233 3127 244 3190 3
273 3098 324 3174 ad

101 3226 330 3299 eorumque
354 3202 630 3278 monumentis
646 3204 870 3293 minorem,
901 3229 1033 3304 quarn
1044 3238 1120 3313 par
1134 3206 1189 3297 est,

101 3301 438 3378 existimationem
482 3303 670 3393 raebent3
697 3301 749 3377 ad
764 3304 923 3379 tertiam
939 3326 1085 3387 autem
1095 3310 1190 3388 deni·

15 3430 19 3437 ·
103 3427 198 3503 que,
224 3406 295 3502 qui
316 3405 422 3478 inter
469 3429 547 3479 uos
567 3404 725 3504 priores
741 3402 925 3481 medium
941 3406 1091 3489 locum
1106 3410 1190 3489 obti-

99 3518 213 3592 nent,
242 3520 282 3578 et
308 3519 522 3601 utramque
545 3505 859 3598 extremitatem,
888 3532 990 3589 cum
1014 3515 1187 3601 nimium.

99 3620 360 3711 tumparum,
373 3604 565 3686 devitant.

559 3765 593 3860 §.
646 3764 733 3844 146.

201 3900 312 3974 Inter
344 3922 430 3990 eos,
463 3923 566 3998 quos
600 3908 725 4002 prima
750 3896 879 4002 Claffis
900 3902 1183 4005 complectitur.

100 3999 305 4101 principes
331 3999 422 4075 sunt
443 3997 660 4093 Pontificii,
687 4004 758 4103 qui
777 4002 828 4076 de
843 4008 1017 4081 Patrum
1032 4001 1182 4081 auctori·

100 4116 181 4181 tato
205 4103 250 4183 in
274 4099 395 4181 rebus
422 4097 522 4183 fidei
548 4105 660 4184 varia
676 4103 843 4209 quidem
857 4102 1043 4189 sentiunt
1065 4132 1109 4187 ae
1122 4120 1180 4183 ut·

357 3098 554 3176 ccundam
568 3099 716 3177 referri
731 3098 906 3202 poliunt,
924 3108 1004 3204 qui
1022 3110 1191 3187 Patribus
