2542 4724
421 301 572 375 Cae.
600 304 630 374 1.
685 305 783 394 §.7.
1002 248 1008 261 ·
1096 306 1153 381 117·

54 488 321 571 moribundos,
351 488 509 584 qnando
538 489 747 585 Episcopus
773 489 901 564 absens
930 489 998 577 est3
1027 492 1069 582 2)
1087 522 1147 565 cx-

54 594 187 687 panitus
215 592 271 661 de
299 588 398 689 fuga
426 591 625 685 Cypriani,
657 618 731 686 qua
756 594 821 663 ille
848 594 888 663 in
907 595 1025 665 atroci
1043 597 1148 666 chri-

56 694 248 764 stianorum
272 694 483 763 vexatione
506 710 678 787 tempore
700 700 795 789 Imp.
820 694 929 767 Decii
953 696 1148 791 prospexit

56 794 106 865 soi
125 820 165 865 sc
197 794 423 877 consuluit,
450 819 608 889 eamque
632 791 766 866 iustam
788 794 896 868 fuisse
915 820 960 869 ac
976 821 1145 893 aequam,

56 896 281 979 adfirmatum
331 896 375 983 3)
396 895 488 967 illos
514 913 648 967 auctor
671 897 930 991 reprehendit,
974 900 1040 993 qui
1062 892 1144 994 p'er·

57 996 188 1069 suadent
208 994 305 1081 sibi,
343 1002 544 1067 Nouatum
563 993 733 1068 exstitisse
750 999 1003 1094 Episcopum
1036 998 1078 1088 4)
1100 1002 1148 1073 da

58 1100 229 1197 Coniugio
257 1098 499 1169 Clericorum
534 1097 687 1169 uberius
722 1098 904 1171 disseritur
913 1126 926 1183 3
961 1098 1003 1187 5)
1029 1122 1147 1192 eaque

55 1198 167 1271 ultima
192 1195 457 1283 monstratur,
485 1200 640 1295 quinam
666 1217 839 1295 tempore
857 1201 1035 1295 Cypriani
1054 1202 1146 1273 dicti

54 1298 174 1373 fuerint
204 1298 437 1371 Libellalt'ci.

135 1419 240 1489 Huic
265 1417 538 1517 adiungendus
563 1414 612 1493 eft
630 1418 667 1490 'et
686 1442 768 1490 non
786 1416 928 1490 minori
944 1420 1056 1491 laude
1074 1446 1145 1493 no·

54 1522 261 1593 rainaudus:

134 1628 200 1693 Pa.
235 1622 304 1693 W.
335 1624 585 1705 Rsrrsana,
630 1621 699 1714 qui
730 1620 851 1705 libro,
894 1622 953 1693 cui
986 1623 1148 1697 titulant

52 1722 204 1817 praefixit
243 1722 399 1795 Caelius
436 1722 615 1793 Thascius
652 1725 882 1821 Cyprianus,
927 1715 1144 1825 dargrfiellt

52 1824 130 1895 uach
147 1818 294 1919 [ciuem
324 1820 449 1893 Lelen
474 1824 552 1893 tend
582 1822 742 1896 Wrrlseu.
771 1824 941 1922 Gotting.
967 1824 1075 1899 1831.
1104 1818 1142 1898 8.

53 1926 215 2011 ἷ111ι1ιῑῐ.
244 1924 293 1997 12
312 1926 387 2023 gr.)
411 1949 491 1995 non
514 1923 639 1997 solnm
664 1924 709 1997 de
732 1924 811 1997 vita
836 1942 873 1996 et
897 1924 1043 2021 scriptis
1071 1932 1143 2018 Cy·

51 2028 158 2121 priani
183 2026 341 2125 egregie
368 2024 591 2121 disputarit,
619 2024 823 2111 sedetiam,
851 2046 948 2120 quae
966 2028 1045 2098 cius
1060 2025 1141 2098 fue·

54 2130 89 2199 rit
110 2126 199 2199 fidei
223 2124 449 2201 christianae
473 2126 643 2227 cognitio
671 2144 709 2199 et
732 2127 777 2201 de
793 2152 835 2201 ea
858 2124 1042 2225 persuaso
1066 2124 1143 2201 sine

53 2230 170 2303 omnio
190 2228 365 2325 partium
391 2218 515 2301 studio
544 2228 667 2300 docet.

531 2434 566 2523 s.
618 2432 654 2503 7.

140 2600 293 2675 Seculo
316 2615 455 2693 quarto
481 2599 588 2673 inter
611 2602 747 2672 Patres
774 2622 818 2671 ac
839 2599 1043 2673 Doctores
1066 2602 1143 2673 Ec·

56 2698 180 2775 tlesrae
205 2702 350 2802 plures
379 2696 566 2789 suerunt,
614 2700 685 2797 qui
716 2696 873 2800 scriptis
908 2724 952 2772 ac
982 2701 1139 2773 meritis

57 2806 256 2877 nominum
304 2798 473 2877 suorum
507 2800 748 2875 memoriam
778 2797 1000 2899 posteritati
1031 2826 1142 2873 conr-

56 2902 295 2977 ncndarent.
359 2906 693 2977 Inteanaacos
724 2901 922 3002 eminent:
965 2898 1143 3000 Eusebius

56 3006 254 3103 Pamphili,
286 3000 472 3107 Eusebius·
485 3000 699 3106 Emisenos,
733 2996 983 3103 Athanafius,
1020 3006 1142 3103 Cyril·

55 3110 100 3177 lus
120 3112 238 3181 Hiero
257 3110 510 3207 olymitonus,
539 3104 786 3203 Epiphanius,
812 3104 1046 3200 Ephraenrus
1067 3108 1140 3202 Sy·

56 3234 122 3291 ars.
144 3102 329 3309 Basilius,
365 3212 568 3307 Gregorius
592 3198 797 3307 Nyffenus,
834 3209 1036 3305 Gregorius
1058 3212 1140 3274 Na·

56 3316 260 3397 damatus,
293 3308 595 3407 Amphilochius,
631 3310 826 3406 Dielpanus
850 3308 1139 3388 Aleaeandrinus,

58 3404 353 3513 chrysostomum
386 3408 491 3481 inter
507 3412 703 3481 Larinas
724 3422 877 3479 autem:
905 3411 1141 3487 Lactantius,

58 3512 211 3606 Optatus
239 3514 510 3599 Milevitanus,
552 3512 718 3581 Hilarius
741 3500 996 3607 Pictavimsls,
1032 3510 1142 3575 Luci·

55 3610 105 3705 ser
130 3616 393 3700 calaritanus,
427 3614 490 3683 Iul
522 3612 703 3689 Firmicus
722 3614 943 3693 MaternuS,
978 3606 1144 3679 Ambro-

56 3702 131 3803 lm·
167 3720 449 3815 Hieronymus,
482 3704 732 3813 Augustinus,
765 3704 943 3811 Rufinus,
981 3698 1140 3805 Oraſsus,

59 3814 238 3889 Pontinus
272 3818 449 3887 Nolanus
483 3828 521 3884 et
554 3815 786 3886 Prudentius.
848 3810 914 3882 De
951 3806 1141 3881 omnibus

60 3910 116 3985 his
140 3916 286 3991 eruditi
302 3915 392 3988 Viri
418 3912 634 4011 singulares
656 3908 1015 3985 commentationes
1040 3906 1143 3977 iuris

61 4014 200 4109 publici
224 4014 424 4089 fecerunt.
488 4016 590 4090 Sunt
615 4014 726 4103 illae,
756 4034 853 4111 quas
872 4032 981 4082 nunc
1000 4004 1051 4079 de
1070 4003 1145 4077 lin·

66 4116 153 4209 gulis
181 4114 523 4191 commemorabo.
