2542 4724
340 317 378 393 -c
407 337 432 387 r
461 286 599 391 »sm
653 324 688 410 s.
717 282 777 394 aa.
807 321 868 395 23.
907 292 909 297 ’
1083 326 1158 399 107
1204 304 1208 313 '

36 508 211 610 grrlaria
239 530 284 578 ac
310 506 507 580 nonnulla
529 522 685 580 tantum
707 505 928 607 separatim.
984 512 1048 583 Ile
1070 498 1154 608 (juo

35 627 234 704 utroque
258 604 484 681 editionum
502 634 652 706 genere,
674 634 801 704 quum
815 601 957 682 'adhuc
977 609 1067 684 satis
1087 638 1154 686 co·
1237 608 1239 613 ’

40 709 166 812 piose
203 704 482 796 disseruimus,
525 708 575 780 ad
606 709 771 781 tertium
807 708 1057 800 accedimus,
1100 714 1155 786 ita
1208 766 1224 813 ,-

45 808 336 897 constitutum,
364 824 409 880 ut
433 810 642 883 variorum
661 813 825 884 Patrum
843 837 887 884 ac
903 813 1155 914 Scriptorum

44 906 417 984 ecclefiasticorum
441 911 646 983 minorum
674 928 939 986 monumenta
968 915 1154 989 incertis

46 1008 339 1088 voluminibus
359 1010 528 1084 iunctim
545 1008 584 1084 se
607 1010 836 1114 praebeant.
950 1035 952 1038 ⁴
1010 1004 1013 1009 ⁴

548 1236 583 1326 t.
621 1166 761 1306 23.¹

157 1417 379 1496 Volumina
404 1417 504 1494 haec
531 1418 781 1519 appellantur
805 1422 1059 1496 Bibliothecae
1080 1426 1160 1496 Pa·
1206 1422 1208 1427 ’
1234 1451 1258 1521 ἧ

53 1544 182 1612 trurn,
202 1522 340 1595 minus
359 1535 459 1621 apte.
500 1519 707 1597 Vocabulo
724 1522 833 1598 enim
849 1531 1009 1598 Petrum
1026 1523 1158 1612 latior,
1231 1568 1235 1579 ·

54 1649 181 1723 quam
214 1648 288 1738 par
321 1619 396 1710 est,
436 1617 685 1722 significandi
708 1624 771 1697 vis
801 1625 992 1699 tribuitur
1017 1649 1073 1697 ac.
1083 1649 1158 1723 per

56 1735 193 1800 Patres
218 1721 448 1799 indicantur
479 1723 613 1823 quivis
641 1725 865 1824 Scriptores
894 1723 1157 1817 ecclesiastici,
1217 1724 1220 1737 '

56 1829 115 1901 illi
139 1848 329 1922 quoque,
357 1824 428 1920 qui
447 1839 572 1898 aetate
588 1822 724 1897 media
740 1821 991 1914 floruerunt,
1021 1826 1091 1923 qui
1110 1823 1159 1898 ab

58 1929 178 2002 initio
202 1923 411 1999 sacrorum
438 1923 760 2001 Christianorum
780 1951 911 2027 usque
938 1927 988 2001 ad
1016 1951 1161 2000 eorum

60 2024 395 2104 emendationem
416 2026 617 2101 viderunt.
681 2032 794 2130 Quae
818 2030 988 2128 amplior
1012 2021 1162 2127 fignist·

62 2130 166 2205 catio
183 2151 265 2202 nec
284 2152 378 2200 cum
397 2125 473 2200 usu
487 2128 601 2202 vocis
618 2127 741 2201 huius
760 2126 850 2202 satis
866 2129 1057 2229 probato,
1084 2148 1162 2200 nec

64 2255 156 2306 cum
184 2226 271 2328 ipsa
297 2252 342 2300 re
373 2226 577 2302 consentit.
640 2229 836 2332 Quamvis
871 2230 980 2303 enim
1008 2252 1163 2303 nomen
1199 2236 1229 2307 s

62 2339 232 2406 Patrum·
247 2325 403 2401 diversa
425 2329 581 2403 ratione
602 2327 839 2428 usurpetur,
866 2330 928 2402 illi
948 2345 1082 2403 tamen
1101 2352 1164 2401 ac·
1245 2340 1257 2347 ’

65 2432 244 2507 curatius
270 2430 513 2525 loquuntur,
551 2430 621 2526 qui
639 2454 712 2530 per
731 2430 865 2503 Patres
880 2422 1062 2528 Ecclefiae
1076 2430 1165 2502 Do-

65 2551 197 2610 ctores
218 2528 451 2627 christianos
477 2529 543 2604 sex
560 2532 746 2631 priorum
763 2532 1002 2606 Seculorum
1017 2529 1166 2617 intelli·

66 2650 177 2735 grmt.
235 2635 339 2706 Sane
362 2633 443 2704 iam
468 2634 612 2707 Seculo
635 2631 804 2732 septimo
828 2659 894 2707 res
920 2659 964 2706 ac
982 2631 1167 2706 doctrina

67 2733 284 2809 christiana
308 2730 521 2832 depravari
547 2735 681 2833 coepit
705 2749 822 2830 atque
846 2735 953 2808 inter
978 2759 1064 2821 eos,
1096 2731 1167 2827 qui

68 2833 248 2911 docendi
267 2859 438 2907 munere
455 2831 750 2934 fimgebantur,
777 2836 898 2937 pauci
913 2836 969 2908 ita
984 2833 1024 2909 se
1036 2827 1167 2933 'gelle-

67 2951 190 3028 runt,
213 2951 262 3010 ut
274 2937 366 3012 iure
383 2941 516 3012 Patres
530 2929 712 3044 Ecclesiae
729 2934 971 3011 dicerentur.

555 3176 591 3263 ᾗ
625 3168 689 3245 24.

172 3337 258 3442 Qui
279 3340 515 3414 Bibliothecis
531 3347 691 3414 Patrum
714 3338 893 3415 edendis,
906 3341 1083 3456 Operam
1100 3333 1170 3408 de·

75 3439 242 3530 derunt,
276 3441 338 3514 illi
358 3467 444 3531 non
458 3467 583 3515 unam
602 3441 868 3538 eamdemque
885 3455 1084 3515 rotronem
1102 3433 1171 3508 ad·

76 3542 321 3631 hibuerunt,
363 3541 455 3617 istas
483 3541 781 3644 componendi·
811 3543 986 3642 'Peperit
1008 3540 1088 3613 hoc
1113 3534 1177 3608 di:
1209 3574 1211 3579 ⁴

10 3674 13 3717 ι
80 3640 308 3717 verfitatem
328 3644 511 3734 illarum,
541 3659 581 3717 et
605 3641 635 3716 s1
660 3640 884 3717 distinctam
909 3644 1047 3714 earum
1067 3636 1175 3712 noti·

80 3742 174 3817 tiam
196 3743 316 3818 nobis
345 3738 583 3846 comparare*
599 3744 794 3833 velimus,
818 3769 886 3818 res
908 3740 1102 3843 postulat,
1128 3749 1177 3809 ut
1235 3745 1242 3762 '

84 3860 188 3919 certa
232 3869 354 3919 onera
368 3847 512 3920 harum
522 3841 1173 3920 Bibliothecarum‘tonstituamus.

85 3871 233 4047 Quodst
251 3946 432 4021 animum
449 3947 695 4021 advertimus
723 3945 772 4019 ad
796 3958 1031 4043 argumenta
1053 3939 1179 4012 libro-

88 4070 196 4134 rum,
240 4048 312 4142 qui
346 4050 504 4123 collecti
534 4044 644 4135 sunt,
689 4045 872 4120 dividere
899 4043 989 4116 istas
1015 4042 1109 4114 licet
1136 4037 1179 4107 in

93 4144 269 4250 universas
297 4172 340 4226 ac
363 4155 628 4249 particulares,
665 4173 714 4222 co
739 4146 988 4232 discrimine,
1012 4155 1058 4217 ut
1079 4160 1180 4237 quae
