2542 4724
396 266 547 349 Car.
583 274 681 345 xlv.
733 266 765 363 l.
792 266 877 347 tar.
1103 269 1179 351 741

84 478 127 553 p.
147 452 257 529 1400.
283 474 322 529 et
343 460 973 529 10.1]11·:rra1c.wrrcanrnus
998 450 1173 555 Praefert.

83 558 140 629 ad
156 558 454 655 Pstilologemoto
470 562 724 629 Lrtctoutiotto
732 553 847 658 sacro
863 586 901 655 p.
917 560 966 633 26
984 560 1061 655 sqq.

188 664 386 730 Orraros
409 658 672 745 Miser-itarius,
715 660 816 754 apud
844 686 956 754 quent
987 661 1175 733 habentur

82 762 293 845 nonnulla,
321 759 449 829 durius
468 760 633 853 prolata¹
660 784 774 852 quam
789 762 925 833 veritas
944 780 981 833 et
998 787 1053 833 res
1079 762 1173 831 chri·

81 857 198 935 lliana
223 861 418 955 permittit.
471 866 529 930 De
544 859 700 931 llcclelia
725 879 835 953 atque
851 859 1034 956 Apostolo
1059 868 1170 935 Petro

83 986 128 1035 ea
154 962 305 1055 reliquit
329 957 457 1044 cll'ata,
486 986 580 1055 quac
605 960 799 1033 Pontificio
823 962 988 1043 Romani
1014 962 1172 1035 sectato-

82 1086 143 1137 res
176 1086 258 1131 non
289 1060 362 1132 line
395 1061 512 1155 l'pecio
532 1060 581 1129 ad
607 1060 763 1132 caussam
787 1062 890 1132 suam
912 1060 1168 1138 stabiliendam

81 1164 249 1235 tralmnt.
302 1167 395 1233 Eam
412 1161 497 1250 elle„
521 1161 612 1231 dicit
628 1160 727 1232 Libr.
745 1162 1066 1235 II.·deScsrismot.
1083 1168 1166 1235 Do·

82 1268 166 1334 arati
180 1277 252 1333 tar.
278 1264 311 1352 §.
334 1265 369 1333 2.
393 1266 428 1333 3.
454 1288 490 1357 p.
511 1262 689 1347 laada.
718 1284 775 1333 Do
800 1264 942 1353 Plau.
968 1256 1170 1359 Eccltfiam

82 1364 326 1447 catholicam,
353 1388 449 1457 quac
471 1360 515 1436 lit
538 1363 578 1433 in
603 1380 688 1435 toto
708 1380 889 1437 terrarum
907 1364 998 1434 orbe
1016 1362 1167 1449 dill'usa5

80 1466 236 1539 Petram
250 1462 355 1535 fuisso
373 1464 536 1557 primunr
553 1467 814 1537 Romanorum
830 1464 1069 1559 Episcopum,
1087 1490 1169 1537 om·

80 1564 192 1637 nium
217 1562 486 1661 Apostolorum
514 1584 627 1657 caput
658 1584 694 1637 ot
722 1567 798 1637 hoc
821 1566 979 1637 nomine
1003 1566 1167 1660 Cepham

82 1667 331 1761 appellatum3
362 1663 523 1739 habuisse
538 1666 647 1737 illum
665 1684 867 1761 perpetuos
886 1666 972 1743 siros
991 1664 1168 1739 successo·

81 1790 161 1839 reat
186 1784 224 1841 et
238 1768 322 1841 Lib,
339 1772 416 1836 VII.
438 1770 474 1855 §.
493 1770 543 1849 3.,
560 1766 738 1851 metuisse,
762 1786 806 1839 ut
821 1766 1067 1862 praeferretur
1083 1792 1167 1841 om·

82 1868 197 1939 nibus
214 1864 424 1962 apostolis,
451 1886 493 1937 ct.
504 1868 623 1937 claves
640 1868 747 1962 regni
764 1870 972 1957 caelorum,
1000 1893 1170 1941 commu·

81 1967 260 2043 nicandas
277 1967 422 2052 ceteris,
450 1967 573 2041 solum
592 1966 781 2061 accepillo;
803 1968 951 2056 niun.
971 1973 1007 2059 §.
1027 1968 1085 2039 ll.
1103 1994 1168 2039 au-

81 2088 162 2141 tem
177 2068 373 2150 Ecclesiam
393 2092 548 2161 eamque
564 2093 702 2153 veram,
728 2088 825 2140 certa
839 2068 1006 2144 membra
1024 2067 1086 2139 sua
1102 2070 1168 2141 lra-

81 2170 184 2255 bcrc,
209 2168 428 2263 lipiscopos,
453 2168 705 2260 Presbyteros,
730 2168 940 2253 Diaconos,
960 2166 1166 2243 Ministros.

82 2278 188 2367 Quae
222 2272 319 2341 dicta
343 2296 461 2364 quum
485 2276 590 2343 Lon
609 2276 768 2343 turmas
795 2292 853 2341 nu
880 2276 957 2341 Pru
993 2269 1167 2355 recenset,

82 2370 210 2447 favere
229 2368 293 2443 ista
311 2370 464 2453 caussae,
487 2396 556 2465 pro
576 2397 647 2467 qua
668 2388 839 2469 pugnant
855 2377 935 2445 Pon
943 2370 1057 2455 tilicii,
1083 2396 1167 2453 nro-¹

80 2491 150 2547 net
172 2492 283 2567 atque
309 2474 411 2545 addit
429 2464 600 2565 l'rucfot.
620 2474 670 2545 ad
688 2480 871 2569 Optatam
894 2476 929 2561 ᾗ.
950 2474 1028 2555 11.,
1054 2476 1166 2565 Opta·

81 2592 167 2659 tpnr
198 2576 284 2647 satis
309 2573 517 2658 oliendcre,
546 2576 754 2669 Episcopus
769 2574 997 2665 l‘rcsbyteris
1021 2574 1168 2667 lausque

82 2676 266 2751 Diaconis
291 2676 500 2771 superiores
514 2675 581 2748 elle
597 2701 638 2747 ac
655 2681 865 2747 Romanam
882 2670 1079 2746 Ecclesiam
1096 2698 1166 2767 pro

81 2796 202 2849 utatrc
234 2777 459 2870 reliquarum
483 2778 610 2849 haberi
636 2776 785 2857 debete,
826 2792 981 2869 propter
1002 2780 1166 2857 Petrum,

82 2875 355 2973 Apostolorum
379 2894 500 2971 caput.
555 2882 673 2949 Porro
698 2878 824 2945 innuit
841 2884 999 2969 Optatus
1019 2874 1100 2945 Lib.
1118 2880 1166 2947 11.

82 2982 119 3071 §.
138 2978 221 3061 25„
248 2979 473 3071 Episcopus,
500 3004 619 3071 quum
643 2976 734 3071 lapsi
755 2976 922 3061 luissent,
954 2975 1169 3070 disciplinae

81 3079 361 3176 poenitentiam
385 3078 484 3147 haud
510 3080 694 3151 subiectos
721 3076 798 3149 elle.
851 3076 1011 3148 Homini
1036 3076 1169 3151 tribuit

38 3248 42 3256 .
81 3180 245 3255 liberunt
261 3179 455 3251 arbitrium
477 3178 515 3248 in
533 3180 663 3262 rebus,
691 3203 785 3274 quac
799 3178 845 3249 ad
866 3179 981 3249 ritant
998 3176 1169 3271 spiritua·

81 3284 160 3357 lem
181 3280 387 3375 pertinent,
421 3280 473 3351 ita
490 3297 533 3350 ut
559 3278 756 3377 significet,
791 3278 826 3349 sc
849 3280 894 3349 ab
911 3304 1034 3349 errore
1050 3278 1168 3351 Senri-

81 3382 369 3480 Pelagianorum
393 3380 494 3450 haud
520 3382 636 3477 longo
660 3398 850 3453 remotum
878 3376 994 3449 suillo.
1064 3380 1168 3451 llicit

82 3484 185 3558 enim
202 3480 301 3553 [ἰὸν.
320 3486 373 3553 ΙΙ.
405 3484 438 3571 §.
457 3484 517 3555 20.
545 3507 582 3575 p.
597 3482 680 3553 43&
706 3472 767 3575 Est
795 3471 978 3575 christiani
996 3478 1166 3566 lactrocinia,

82 3584 185 3680 quod
208 3580 343 3653 bonum
366 3574 434 3678 est,
459 3584 603 3655 collect
620 3584 657 3653 in
682 3606 743 3664 eo,
767 3583 866 3673 ‹Juod
890 3578 978 3653 bene
998 3580 1167 3661 uoliterit,

84 3708 251 3761 curretur
274 3677 337 3779 [etl
353 3682 492 3754 homini
507 3708 580 3755 aon
598 3672 647 3779 ast
664 3684 805 3765 clatum,
820 3677 1003 3779 perficere,
1032 3695 1073 3751 at
1087 3672 1170 3775 post

78 3778 218 3885 spotia,
246 3806 340 3875 qrtoe
357 3783 462 3855 (lebet
478 3784 588 3855 homo
606 3784 767 3879 irrepsere,
794 3774 898 3877 restet
914 3782 1054 3877 olioaitl
1070 3780 1169 3865 Deo,

82 3883 147 3957 ubi
163 3880 565 3983 dejicienttfitccurrat,
591 3888 678 3979 patio
703 3876 776 3981 ipse
788 3877 893 3991 solies
918 3874 965 3979 est
988 3880 1169 3977 perfectio

82 4000 122 4057 ct
143 3976 329 4081 perfectus
344 3980 447 4083 solas
464 3990 537 4059 Dei
552 3981 661 4083 silias
685 3978 875 4081 Christus„
907 3984 1170 4055 lixorcisnmm

83 4089 207 4161 valeto
232 4088 280 4161 atl
303 4088 492 4185 malignos
525 4084 745 4173 daemones,
782 4112 828 4181 ott
856 4084 1076 4161 bominibus
1108 4082 1171 4157 cii-
