2542 4724
209 344 213 357 ,
340 282 973 399 .cis.1v.,t.es.4a.:„
1103 283 1256 403 ²⁶⁵7ss

78 477 158 559 bat,
175 491 244 546 aut
261 484 409 554 eorum3
429 472 495 568 qui
512 472 753 571 colligerent,
771 500 861 546 cura
877 471 1182 549 socordiaveno·

80 578 420 649 minaAuctorum
437 576 557 647 modo
576 576 889 662 adscribebantur,
910 577 1030 649 modo
1049 576 1203 648 omissu'

80 677 262 763 fuerunt3
297 676 386 747 alibi
411 702 552 748 nomen
573 678 739 772 potioris
763 678 788 748 i.
813 705 843 750 e.
863 679 969 750 cuius
986 681 1048 751 vel
1064 681 1181 773 pluri·

80 805 166 851 mae
183 778 366 851 homiliae
384 776 560 863 inessent,
595 797 661 850 aut
676 780 841 851 maxime
857 779 1037 879 insignes,
1064 783 1182 852 Volu·
1252 860 1256 869 ,

81 882 179 952 mini
203 879 517 976 praefigebantnr.
578 880 776 953 Interdum
798 899 925 953 tamen
945 881 1101 967 accidit,
1136 901 1182 954 ut
1203 890 1206 895 ’

81 985 254 1081 integrae
276 983 391 1050 etiam
413 979 568 1077 insignis
596 983 753 1053 alicuius
771 983 938 1055 Oratoris
962 983 1185 1071 sermonum

83 1083 341 1156 Collectiones
355 1084 416 1155 vel
430 1081 469 1152 in
486 1080 732 1154 Ecclesiarum
747 1085 809 1154 vel
822 1085 1063 1157 Privatorum
1074 1086 1183 1158 usum

82 1185 351 1257 conderentur.
389 1216 393 1230 ·
422 1183 492 1256 Sed
514 1184 653 1279 partim
676 1183 828 1270 fraude,
868 1189 1006 1282 partim
1031 1187 1183 1259 levitate

85 1285 380 1359 describentium
402 1286 444 1356 in
464 1285 521 1356 his
541 1286 713 1381 inprimis
738 1287 1040 1369 turbatumfuit.
1093 1294 1191 1361 Prae¹

84 1389 242 1463 caeteris
259 1385 438 1458 confusae
457 1387 544 1459 sunt
566 1405 603 1461 et
626 1388 668 1458 in
686 1413 809 1459 unum
827 1388 970 1487 saepius
989 1387 1185 1489 congestae

83 1488 281 1562 llomiliae
300 1486 520 1587 Augustini,
544 1489 753 1577 Ambrosii,
780 1490 943 1567 Maximi
961 1510 998 1565 et
1015 1491 1182 1577 ansarii,

84 1617 163 1663 non
180 1590 330 1674 solum,
359 1590 464 1685 quod
488 1589 805 1667 numerosissimae
830 1611 953 1680 erant,
992 1593 1187 1665 sedetiam
1248 1606 1254 1625 ’

85 1719 148 1789 per
167 1690 456 1764 similitudinem
481 1693 684 1787 quandam,
704 1693 854 1789 quaein
874 1694 1022 1767 dicendi
1037 1696 1186 1795 rationp

87 1795 243 1866 alteiius
267 1818 353 1865 cum
379 1795 518 1879 altem,
551 1796 658 1867 velut
676 1793 832 1866 Caesarii
855 1821 942 1869 cum
957 1791 1184 1895 AugustinO,

86 1894 251 1967 Maximi
275 1920 362 1966 cum
387 1893 587 1972 Ambrosio
611 1896 821 1969 etiamnum
846 1897 1081 1983 observatur,
1116 1920 1187 1969 neo

87 2014 211 2069 merae
239 1997 433 2092 opinionis
457 2022 514 2070 res
538 1993 605 2085 est,
641 1997 723 2084 sed,
756 2015 801 2069 ut
816 1996 1004 2070 Ambrosii
1022 1998 1187 2077 editores
1252 1994 1253 1999 ’

88 2097 327 2171 Berredictini
344 2099 390 2168 de
411 2099 584 2170 Maximo
607 2094 867 2186 ostenderunt,
904 2125 949 2171 ex
970 2097 1189 2174 imitatione

89 2218 124 2273 et
139 2199 312 2299 quadam
328 2200 448 2272 veluti
465 2201 719 2273 aemulatione
738 2197 788 2273 est
804 2199 1016 2297 profecta.“

572 2429 606 2522 §.
646 2426 708 2507 tt.

192 2600 373 2699 Magnus
392 2597 447 2673 est
461 2626 657 2676 numerus
672 2598 886 2689 librorum,
909 2598 980 2698 qui
998 2593 1190 2674 fictorum
1233 2670 1237 2685 ,

91 2698 321 2778 suetorum
344 2703 513 2775 nomina
537 2726 635 2802 prae
658 2700 697 2775 se
729 2699 885 2790 ferunt,
926 2725 1002 2774 nec
1033 2702 1079 2776 in
1109 2700 1193 2799 illis

91 2802 214 2905 pauci
230 2799 323 2875 sunt
339 2807 476 2878 Patres
493 2802 706 2893 Ecclesiae,
727 2803 771 2876 in
788 2801 933 2899 quibus
953 2816 1087 2876 autern
1099 2809 1195 2903 perr·-

96 2901 306 2977 censentlis
344 2903 566 2978 omittenda
605 2903 697 2979 sunt
736 2919 1002 2979 monumenta
1037 2905 1079 2976 in
1111 2902 1195 2976 enii
1231 2918 1235 2928 “

97 3001 283 3092 Cluilio,
310 3006 488 3094 Mariae,
524 3005 724 3107 Apostolis
743 3000 897 3093 afficta,
933 3030 1026 3078 cum
1050 2929 1108 3077 ad
1121 3008 1197 3078 Pa·

93 3120 206 3183 trum
223 3104 412 3179 ordinem
429 3107 610 3183 Christus
628 3133 720 3182 cum
740 3105 939 3205 Apostolis
964 3130 1049 3179 non
1064 3101 1197 3206 potest

94 3202 268 3297 referri,
295 3206 525 3283 fiacebrate
543 3224 661 3308 atque
680 3207 820 3285 usitate
839 3207 955 3305 loqui
970 3208 1160 3283 velimus.

202 3530 357 3607 Constat
382 3534 487 3621 satis,
520 3552 667 3629 tantam
690 3535 786 3608 olim
811 3536 1069 3630 quorumdam
1090 3528 1200 3605 fuisse

96 3636 400 3732 impudentiam,
439 3656 588 3708 utnon
614 3655 765 3708 tantum
791 3634 1063 3732 Apostolorum
1091 3635 1203 3707 Viro·

97 3762 264 3832 rumque
282 3736 594 3832 apostolicorum,
620 3739 684 3809 sed
700 3737 813 3832 ipsius
835 3764 988 3834 quoque
1009 3732 1143 3809 Christi
1159 3758 1204 3806 ac

98 3837 137 3909 b.
169 3839 336 3938 Virginis
360 3842 504 3911 Mariae
537 3839 759 3912 nominibus
796 3840 942 3939 ingenii
975 3840 1031 3912 sui
1062 3861 1204 3909 monu-

100 3959 231 4013 menta
244 3940 455 4025 inscribere,
477 3943 665 4013 auderent.
701 3947 832 4037 Quum
848 3942 1038 4015 eiusmodi
1054 3940 1203 4032 scripta,

101 4067 183 4137 quo
207 4044 396 4113 maiorem
427 4044 663 4137 antiquitatis
689 4043 850 4139 speciem
879 4069 968 4139 prae
999 4043 1035 4113 sc
1063 4039 1206 4123 ferunt,

103 4172 152 4216 eo
171 4144 323 4219 facilius
339 4146 516 4218 incautos
533 4143 664 4219 fallere
682 4163 795 4242 atque
810 4146 852 4219 in
869 4169 1012 4220 errores
1027 4143 1206 4215 inducere
