2542 4724
1111 138 1123 181 l

300 304 367 419 ..o
396 326 421 376 r
449 328 485 377 ι.
522 305 551 377 1.
593 309 627 395 s.
658 306 716 378 13.
749 302 806 378 rt.
1045 305 1116 390 115

63 492 182 567 nilis
212 491 265 563 de
287 482 453 588 pafflone
475 495 657 571 Domini,·
698 497 803 590 Opus
823 492 870 564 de
890 492 980 578 hocs
1013 497 1114 591 qeins}

63 610 189 685 ptum
207 582 265 690 est
278 598 373 665 Luc.
388 598 491 678 XIX,
514 594 574 667 30.
591 594 641 665 ‘de
656 598 894 693 virginitate,
922 590 951 691 s
974 597 1020 666 de
1035 602 1113 667 Επ-

63 699 262 773 tationes
285 693 338 765 -de
352 710 507 788 peceato
530 698 567 764 in
593 699 773 789 Spiritum
796 701 862 775 S.,·
894 721 936 767 eo
961 696 1007 769 de
1029 701 1112 792 Spi-

63 797 171 875 :8.,·
210 796 259 867 in
280 800 447 868 Entsut
476 798 640 891 Operum
665 802 777 869 Tom.
795 803 890 869 VIII.
914 797 951 892 Ρ.
968 797 1044 871 327
1059 798 1111 895 sq.

63 918 83 970 t.
108 895 256 998 Lugd.
275 900 357 969 Bet.
1094 972 1096 975 ,

100 1004 333 1073 Omennrs
365 999 725 1089 Commentariorum
759 1003 796 1069 in
824 1005 977 1099 Evang.
1005 1003 1112 1071 Mat·

64 1106 102 1175 ei
116 1098 384 1199 fragmento,
410 1100 545 1184 latine,
572 1103 697 1196 aCap.
717 1105 820 1172 XIII.
839 1101 887 1172 ad
900 1106 996 1174 XVI.
1039 1099 1112 1171 Ibi·

63 1230 84 1275 n
103 1198 282 1301 p.439.1
728 1284 733 1291 .
1215 1275 1224 1295 ⁸

102 1310 287 1377 anmt
314 1298 511 1397 Operibus,
546 1327 675 1401 graece
701 1302 1120 1401 c.Entsu1praesot.-
1198 1318 1203 1330 “

63 1404 110 1479 il.
130 1402 255 1479 1532.
278 1398 351 1477 fol.
367 1427 425 1498 ep.
441 1402 600 1475 Hieron.
616 1404 858 1488 Frobenium‚
881 1429 976 1499 quae
993 1405 1108 1477 editio

63 1524 173 1580 tetur
196 1504 378 1593 omnium
399 1505 530 1599 prima.
588 1505 842 1578 Continentur
870 1503 936 1578 isto'
961 1527 1110 1604 graece:

63 1604 215 1681 rmilite
239 1603 283 1677 iu
299 1609 563 1681 Heaeoimeron
586 1623 623 1678 et
636 1607 676 1678 in
692 1601 884 1707 Psalmos,·
916 1607 1008 1678 aliae
1023 1612 1113 1677 XIX

63 1706 216 1783 rmiline
229 1705 280 1778 de
298 1697 444 1804 diversis
460 1711 717 1805 argumentiss
743 1706 837 1779 liber
852 1706 898 1779 de
914 1711 1056 1803 Spiritu
1072 1710 1110 1777 S.

63 1836 98 1885 u
112 1796 302 1905 Epssolts
318 1808 528 1879 nonnullis.
547 1806 580 1896 *l
623 1808 831 1907 singularia
849 1833 1002 1903 quoque
1014 1831 1113 1879 non·
1172 1832 1189 1843 ··

63 1912 116 1985 un
141 1906 277 1983 nautii
299 1908 431 2005 scripte
448 1913 626 1983 Erasmus
646 1911 765 1983 latine
781 1909 841 1981 int
907 1927 1046 1981 retatus
1064 1905 1114 1980 est

61 2008 276 2109 fepmtim
293 2009 485 2084 recensuit.
531 2015 628 2082 Sunt
646 2007 730 2083 istas
757 2015 868 2106 Eupo
884 2014 950 2082 etio
968 2014 1005 2080 in
1020 2013 1112 2079 Pro-

63 2128 173 2187 mm
193 2102 385 2212 Iesaiam
414 2110 509 2184 liber
535 2111 581 2182 de
605 2112 756 2208 Spiritu*
772 2112 834 2191 S.,·
866 2110 1057 2183 Homiliae
1078 2114 1113 2179 11

75 2210 261 2287 laudibus
275 2215 422 2292 ieiuniis
436 2258 440 2265 -
454 2212 495 2283 in
521 2216 685 2285 Entsnu
714 2215 878 2309 Operum
888 2217 998 2301 vm,
1021 2210 1109 2285 483.

63 2331 252 2401 moratae
266 2312 454 2387 editionis.
1053 2330 1057 2338 ‘
1158 2354 1185 2361 ··

494 2523 541 2634 s.
583 2514 641 2593 14.

114 2684 314 2785 Sequitur
331 2682 469 2762 elassis
493 2684 610 2758 tertia
627 2682 852 2759 editionum
868 2688 1032 2758 Patrum
1047 2708 1114 2756 or·

63 2787 124 2865 uis
158 2784 285 2876 lucri,
326 2810 429 2884 quae
470 2791 685 2865 recentiores
718 2782 909 2886 a'ppellari
942 2779 1112 2884 pollunt.

63 2884 381 2993 {nexeruntistae
399 2886 533 2960 lucem
549 2882 684 2960 seculo
705 2883 874 2987 septimo
900 2910 945 2959 ac
969 2900 1114 2971 octavo
1199 2941 1202 2946 .

63 2991 183 3067 timo
201 3002 321 3086 atque
336 2986 392 3061 ita
407 2985 620 3073 adornatae
637 2984 748 3074 lunt,
786 2984 814 3059 fi
838 2984 934 3060 non'
951 3009 1114 3070 omnes,

63 3092 174 3165 ultae
191 3104 348 3176 tamen,
373 3102 420 3163 ut
437 3086 509 3178 iis,
543 3112 645 3186 quae
664 3101 781 3161 antea
799 3086 842 3160 in
860 3083 1117 3191 conspectum

63 3190 235 3265 rblicum
249 3204 470 3277 venerunt,
511 3184 748 3290 praestantia
771 3182 841 3262 sua
865 3183 1115 3267 antecellant,
1158 3236 1161 3243 .

63 3316 100 3367 re
118 3288 175 3387 ud
190 3314 259 3365 res
275 3287 392 3391 ipsas,
416 3286 496 3362 five
513 3284 564 3388 ad
579 3299 774 3389 typorum
783 3286 1022 3387 elegantiam
1034 3282 1117 3356 ani·

63 3418 134 3471 um
153 3388 368 3467 advertere
385 3389 571 3463 velimus.
726 3402 729 3407 '

466 3559 677 3575 m

119 3702 327 3781 Editiones
345 3702 417 3777 hae
433 3696 547 3777 variis
569 3700 774 3775 'virtutibus
794 3701 832 3773 le
854 3695 1122 3773 commendent

63 3806 170 3881 sinte
181 3808 317 3880 locum
332 3804 563 3901 superiorem
579 3821 744 3875 tuentur.
789 3808 885 3874 Sunt
899 3797 987 3871 istae
1010 3800 1049 3889 1)
1067 3823 1122 3867 re·

63 3910 139 4007 quis
154 3906 348 4005 pleniores
365 3931 408 3978 ac
424 3923 673 3977 monumenta
690 3905 1008 3999 complectuntur,
1029 3922 1125 3997 quae

63 4010 203 4083 >ndum
219 4008 322 4081 edita
337 4002 508 4093 fuerant,
542 4030 646 4079 nunc
671 3998 799 4077 autem
826 4029 872 4076 ex
896 4000 1057 4073 tenebris
1079 3996 1127 4066 ad
