2542 4724
384 270 538 347 Car.
577 276 656 343 Vll.
709 270 838 363 §..68.
1033 212 1037 219 Ι
1084 271 1159 349 405

56 460 257 561 praebete,
292 483 380 533 curn
397 484 619 531 communes
640 458 819 549 omnibus
835 456 999 555 {antiquis
1017 482 1156 535 monu-

57 562 221 647 mentis,
275 562 378 633 ualet
395 558 467 631 sint
483 558 633 632 historia
652 561 878 659 dogmatum
893 586 936 633 ao
950 585 1074 635 rerum
1090 562 1155 637 illa

58 682 183 737 aetate
200 586 385 761 griseum
405 687 448 732 ac
464 663 582 747 ratio,
617 663 734 733 sacras
751 662 892 735 litteras
907 663 1154 759 interpretan-

59 766 111 849 di,
128 783 305 861 tempore
320 759 389 834 isto
408 762 557 847 usitata;
583 780 666 835 tum
683 761 885 861 fingulares
904 788 945 835 nc
960 766 1149 861 proprios,
1233 750 1239 763 ’

59 866 125 961 qni
149 866 199 937 ad
230 866 300 935 tria
323 865 416 935 haec
439 861 672 960 potissmium
704 866 837 959 capita·
852 864 981 936 referri
1002 863 1151 960 possint.

61 968 190 1041 Liceat
201 966 381 1062 primum,
398 992 444 1036 ex
459 966 686 1057 Hieronymi
701 965 844 1059 scriptis
859 967 1036 1063 colligere
1052 965 1152 1065 fraga

60 1086 186 1141 menta
201 1068 327 1139 multo
347 1067 475 1162 plura,
504 1091 617 1159 quam
640 1093 685 1137 ex
701 1068 779 1137 ullo
798 1067 873 1137 alio
889 1069 1151 1164 antiquiorum

62 1168 307 1265 interpretum
324 1193 546 1265 graecorum
559 1174 601 1237 V.
621 1174 678 1250 Τ.,
702 1190 867 1262 quorum
885 1171 1149 1241 translationes

62 1270 194 1341 iniuria
219 1286 437 1362 temporum
461 1268 706 1362 socordiaque
726 1269 929 1341 hominum
945 1273 1148 1363 perierunt.
1235 1280 1239 1287 '

62 1362 205 1443 Deinde
237 1370 360 1453 addit,
401 1396 447 1441 ex
469 1370 606 1441 iisdem
632 1369 894 1466 intelligendas
918 1368 986 1441 elle
1008 1375 1148 1444 multas

63 1472 280 1545 traditiones
295 1470 480 1555 iudaicae,
506 1472 567 1541 vel
584 1470 783 1565 opiniones
801 1471 1028 1543 Iudaeorum
1044 1474 1148 1546 illius

62 1574 139 1645 aevi
157 1572 204 1645 de
222 1568 491 1669 significatione
507 1596 647 1643 vocum
663 1572 911 1656 ebroicarum
945 1573 1146 1647 sententias

60 1677 311 1770 plurimorum
337 1674 512 1745 locorum
535 1674 765 1769 scripturam
792 1674 913 1745 varias
936 1675 1028 1747 item
1044 1700 1145 1745 non·

59 1778 180 1849 nullas
199 1775 402 1858 lectiones,
429 1775 580 1871 dignas,
609 1800 704 1868 quae
727 1774 994 1866 expendantur.
1047 1782 1148 1873 Cog-

57 1878 252 1951 noscimus
270 1876 431 1970 denique
447 1903 492 1945 ex
508 1875 687 1947 sententia
706 1878 797 1960 eius,
820 1878 1015 1971 quodnam
1032 1876 1148 1949 fuerit

60 1976 241 2077 singulare
254 1974 368 2072 ipsius
387 1976 615 2067 Hieronymi
631 1976 816 2047 indicium
840 1977 886 2048 de
902 1980 1017 2049 variis
1033 2004 1147 2049 voca-
1181 2016 1186 2029 =

58 2080 155 2153 bulis
173 2078 327 2151 ebraicis
345 2079 604 2173 aoScripturae
617 2078 734 2159 locis3
752 2096 835 2148 turn
852 2079 963 2149 etiam
982 2080 1146 2152 derebus

63 2206 104 2253 ac
117 2179 370 2277 Scriptoribus
389 2180 482 2263 aliis,
508 2178 704 2271 dequibus
721 2177 794 2249 sert
810 2178 1041 2252 sententiam.
1068 2181 1145 2251 ad-

61 2282 163 2383 iungi
179 2278 300 2377 potest
313 2282 479 2352 eiusdem
493 2286 673 2349 Cnemct
690 2272 838 2379 Differt.
859 2280 904 2349 de
919 2295 1144 2379 argrrmento

64 2380 278 2483 tsoeologico,
306 2381 353 2451 ab
373 2384 511 2451 invidio
529 2382 652 2466 ducto,
681 2406 776 2477 quae
794 2380 962 2452 eiusdem
979 2385 1145 2479 Logicoe
1252 2456 1255 2461 ,

62 2482 239 2557 subiectae
258 2480 306 2555 est
325 2486 360 2573 §.
379 2484 438 2555 22.

154 2617 215 2683 lo.
233 2616 386 2681 Fnanc.
405 2616 626 2690 Bonosus,
654 2608 774 2702 quiin
791 2605 956 2709 Isagoge
975 2610 1027 2679 od
1043 2608 1143 2679 theo·

65 2710 201 2813 logium
219 2705 425 2809 uniuersum
443 2712 487 2782 de
505 2711 663 2806 Origene
682 2735 722 2780 ac
738 2711 976 2801 Hieronymo
995 2734 1143 2781 eorum·

65 2834 131 2902 que
144 2813 358 2888 eruditione
381 2811 507 2883 ebraea
526 2811 611 2884 satis
637 2812 787 2907 copiose
813 2811 968 2896 disserit,
994 2812 1077 2883 Lib.
1094 2814 1141 2881 11.
1244 2890 1250 2895 ,

63 2914 146 3013 Cap.
164 2916 199 2987 3.
225 2916 258 3005 §.
276 2912 312 2985 l.
340 2940 375 3008 p.
395 2912 479 2986 549.

157 3046 217 3113 lo.
237 3048 308 3111 (io.
328 3046 521 3111 Canr‘zov
545 3040 585 3110 in
605 3034 864 3135 Criticasocra
881 3064 917 3134 p.
936 3037 1042 3121 667..
1078 3037 1144 3109 ubi

57 3132 243 3239 disputat,
281 3166 375 3210 num
409 3160 446 3211 et
479 3160 617 3234 quanta
645 3142 777 3236 peritia
804 3141 957 3241 linguae
994 3140 1145 3212 ebraeae

56 3238 295 3337 Hieronymo
314 3241 357 3313 sn
375 3243 581 3313 tribuenda.

158 3376 216 3442 Io.
237 3370 336 3439 Anu.
357 3374 579 3439 Panaretus
605 3369 643 3439 in
668 3367 894 3439 Bibliotheca
914 3369 1052 3451 latina,
1078 3370 1142 3449 III,

56 3452 144 3545 453.
171 3472 324 3567 quando
347 3470 390 3541 de
413 3476 664 3543 llis-,nonunt
686 3470 881 3565 Operibus,
915 3474 1145 3541 aManrm·

59 3582 170 3645 Μῑο
195 3570 323 3655 editis,
368 3570 504 3640 disserit
535 3571 732 3656 antefert,
773 3571 980 3643 editionem
1004 3571 1145 3641 banca

10 3742 12 3747 .
65 3684 174 3745 Mera.
199 3680 367 3745 Simone
391 3698 432 3741 ac
449 3678 506 3742 Io.
528 3678 709 3745 Ccentco
728 3672 983 3767 reprehensam
1001 3668 1117 3741 fuisse.
1151 3680 1156 3689 '

160 3798 275 3897 Quod
297 3798 343 3869 ad
366 3800 525 3868 latinam
547 3798 717 3893 linguam
744 3801 895 3881 attinet,
923 3798 1023 3867 illins
1040 3799 1146 3868 nitor

73 3912 171 3995 fitquc
199 3900 382 3995 elegantia
410 3900 507 3993 apud
529 3918 669 3971 veteres
695 3898 912 3971 christianos
935 3906 1059 3969 Patres
1083 3924 1146 3965 ne·

10 4052 15 4093 ,
75 4000 309 4100 gligicoepit.
363 4001 474 4070 Pauci
501 3998 674 4083 fuerunt,
712 4003 777 4095 qui
797 4002 949 4072 cultiori
965 3996 1047 4070 stilo
1068 4016 1150 4069 ute·

10 4118 15 4175 l
73 4122 210 4191 rentur,
237 4100 264 4174 li
278 4101 440 4197 excipias
462 4106 703 4173 Lactrnrtium
721 4118 757 4173 et
779 4099 860 4197 post
878 4126 963 4175 eum
982 4102 1149 4193 quodam
