2542 4724
106 259 175 337 tot
409 258 559 335 cir.
596 264 675 331 vn.
728 260 763 353 ς.
790 258 851 333 63.

103 447 204 521 fietis
220 446 496 541 virtutibusque
513 442 731 531 instructus,
756 434 950 542 pervenire
964 442 1109 541 potestt
1138 464 1192 517 et·

105 570 231 623 tumen
255 568 292 620 et
311 550 468 645 quisque
493 572 632 643 aequus
657 549 710 619 rei
733 548 847 619 iudex
872 546 1070 629 fatebitur.
1105 548 1192 619 Hie·

104 676 313 743 ronymum
344 674 414 744 pro
446 649 648 743 temporis,
689 673 766 745 quo
800 648 912 731 vixit,
958 647 1192 731 conditione,

107 770 255 823 tentum
279 752 320 821 in
349 752 565 849 linguarum
594 747 723 821 studiis
751 747 963 845 profeciffe,
1007 767 1192 845 quantum

105 854 214 949 pauci
233 853 483 923 recentiorum
504 849 711 945 profecturi
733 850 903 936 fuident,
929 850 958 921 fi
980 850 1111 923 eedem
1137 876 1192 923 ae·

104 973 181 1025 tote
198 951 377 1025 vixissent.
1079 996 1085 1003 ·

210 1056 369 1149 Quando
385 1058 673 1129 Hrrenon'rmus
693 1051 989 1148 descriptoribus
1003 1042 1193 1149 ecclefiost.

108 1164 196 1253 Cep.
214 1161 307 1227 Ltv.
326 1156 444 1227 varias
461 1157 669 1226 litterarum
693 1156 902 1251 disciplinas
920 1172 1085 1239 enerrnt,
1111 1156 1192 1251 qui·

107 1258 177 1331 bus
203 1257 379 1353 Origenes
404 1257 598 1353 ingenium
623 1256 733 1327 suum
756 1257 941 1341 excoluit,
977 1257 1192 1354 grammati·

109 1384 190 1433 cam
209 1381 360 1452 quoque
380 1357 420 1428 in
444 1358 518 1428 iilis
535 1376 709 1429 numeret
726 1358 907 1452 dicitque:
942 1357 1192 1427 Dialecticant

107 1483 252 1555 quoque
267 1471 303 1528 et
321 1460 571 1529 Geometrinrn
598 1473 633 1529 et
654 1459 959 1542 Arithnteticcnn,
992 1448 1192 1555 Mnſscom,

109 1563 407 1631 Gromrnoticern
425 1573 460 1629 et
477 1558 734 1644 minoricam,
769 1564 1004 1654 omniumque
1027 1552 1192 1657 Philoso-

106 1660 265 1756 phorum
281 1652 405 1759 sectos
431 1663 483 1729 ita
508 1660 653 1745 didicit,
681 1652 917 1758 utstutiiosos
933 1684 1078 1755 quoque
1090 1652 1192 1755 secu·

89 1762 243 1835 ¹loritun
259 1761 466 1831 litterarum
482 1754 688 1860 sectatores
706 1760 874 1846 heberet,
911 1776 947 1831 et
970 1765 1192 1855 interpreto-

106 1878 207 1933 retur
224 1866 270 1931 eis
287 1864 466 1955 quotidie,
494 1856 754 1959 concursusque
771 1866 822 1932 od
837 1888 920 1933 euru
940 1858 1192 1961 rnirisierent:

105 1988 197 2059 quos
214 1963 273 2033 ille
287 1978 484 2057 propterea
501 1962 716 2057 recipiebat,
751 1980 791 2033 ut
803 1960 874 2061 sub
891 1955 1190 2061 ‹recofionesecu·

106 2064 194 2135 loris
212 2064 443 2135 litteraturae
466 2068 502 2133 in
514 2062 600 2163 fide
619 2056 749 2161 Christi
771 2088 830 2137 eos
850 2056 1058 2159 institueret.
1113 2066 1190 2135 Sub

103 2169 340 2237 Ancusrrm
374 2167 532 2235 nornine
555 2166 694 2261 prodiit
725 2167 818 2239 liber
850 2168 893 2235 de
928 2168 1191 2235 Grornruatr'co

106 2286 217 2361 tuque
239 2268 277 2335 in
299 2268 423 2360 Opera
447 2266 611 2337 eiusdem
641 2270 838 2339 translatus
857 2264 925 2351 el't5
958 2290 1046 2338 eum
1063 2284 1187 2337 eutem

105 2368 172 2440 effe
188 2369 458 2449 adulterinum,
494 2364 689 2437 doctiffimi
705 2370 784 2439 Viri
808 2370 1115 2439 unimmlvermnt
1136 2386 1180 2445 at·

105 2486 431 2567 queergumente,
465 2493 543 2537 non
568 2472 863 2553 contemnendo,
899 2466 1070 2541 efferunt.
1119 2474 1173 2541 Le

103 2570 216 2667 gendi
232 2570 335 2640 sunt:

206 2677 263 2741 Ιο.
289 2674 631 2753 Memnonem,
671 2671 734 2765 qni
753 2690 1030 2746 commentatus
1052 2668 1102 2743 est
1120 2670 1162 2743 sir

104 2772 224 2871 'golmi
240 2767 360 2843 studio
380 2772 878 2873 deErudr'tioueHieronymi
895 2779 929 2843 iu
948 2772 1053 2843 rebus
1070 2772 1156 2843 ebro

103 2876 169 2954 cis,
196 2890 307 2967 etque
330 2873 369 2941 in
392 2878 619 2945 Eruditiorn's
640 2880 958 2972 Ilieronynzionne
980 2874 1089 2969 defen
1105 2868 1149 2944 iot

101 2972 183 3043 adv.
199 2978 253 3045 Io.
274 2972 475 3057 clericum,
503 2975 568 3065 qui
590 2976 869 3065 Hieronymum
894 2978 1047 3069 eiusque
1063 2978 1145 3047 erui

100 3074 256 3160 tionem,
278 3075 490 3169 praesertim
507 3076 685 3161 ebraenm,
714 3078 866 3149 summis
883 3078 1058 3149 laudibus
1077 3102 1137 3148 orr·

98 3176 156 3245 vit
179 3177 321 3269 hecque
347 3176 391 3247 de
419 3201 475 3259 re,
510 3202 596 3247 cum
621 3180 763 3249 Cierico
788 3181 826 3247 in
853 3198 1039 3249 certarnen
1067 3202 1131 3249 ver

97 3272 249 3349 Exstant
268 3276 612 3351 commentationes
631 3281 670 3349 in
688 3286 943 3351 Hierionrtut
970 3282 1067 3375 Opp.
1098 3306 1124 3349 u

99 3380 263 3461 11,290.
305 3382 376 3462 ΙΙΙ,
401 3378 507 3450 1137.

200 3483 257 3550 Io.
274 3482 509 3561 CnenrceS,
535 3481 600 3575 qui
614 3481 730 3552 edidit
753 3482 827 3551 iam
846 3482 988 3575 saepius
1003 3480 1111 3552 adden

100 3571 338 3679 Quaestiones
362 3584 699 3679 Hieronyntianos,
746 3588 780 3653 in
810 3582 938 3676 quibus
963 3584 1107 3677 carpenti

95 3683 318 3779 Hieronymi
333 3705 472 3769 nupero
489 3684 599 3751 editio
617 3676 783 3779 Porifino
801 3686 991 3777 multoque
1009 3686 1063 3752 ud
1085 3710 1099 3753 c

96 3773 338 3881 cornsncrnnt
353 3795 389 3851 et
403 3782 608 3875 profanent
624 3788 845 3877 pertinentia
863 3789 1072 3881 agitentur,

94 3876 295 3953 fiel.1700.
321 3882 355 3953 8.
374 3882 409 3973 *)
468 3888 638 3967 Fatetur,
683 3887 909 3976 Hieronymi
934 3886 1067 3979 scripto

92 4038 324 4057 m

121 4114 148 4180 ')
164 4112 241 4167 Atta
254 4110 377 4169 Erudit.
392 4130 418 4171 ι.
436 4120 511 4173 1701.
529 4134 556 4188 p·
571 4122 613 4175 31.
