2542 4724
421 262 500 331 cr
527 282 564 333 a.
589 260 703 329 xm·
741 254 777 341 a.
803 254 889 357 aa.
992 294 999 311 ·
1125 204 1202 339 aaa

106 446 293 525 scribendi
310 469 444 545 genus,
474 442 578 540 quod
591 466 770 541 magnam
784 440 864 515 vim
883 440 1006 529 habet,
1032 432 1201 521 mentem

106 554 315 643 humanam
347 544 617 621 commovendi
648 562 759 639 atque
786 544 918 628 adid,
954 546 1062 639 quod
1091 548 1201 643 pium

106 654 354 743 sanctumque
386 644 454 728 est,
491 644 684 719 incitandi.
754 649 868 716 Recte
900 645 945 716 de
972 672 1017 716 eo
1041 653 1099 723 Io.
1127 656 1201 722 Gn.

106 760 284 827 Pnlrlus
320 750 410 820 dicit
433 745 605 842 Praefert.
625 747 676 815 ars
707 749 873 818 Macarii
898 746 1021 841 Opera
1046 752 1080 837 §.
1097 756 1199 823 XV.:

112 843 290 950 Constare
310 864 434 922 autem
450 850 509 919 ves
525 874 570 917 en
586 850 709 943 prima
726 871 878 940 operum
892 853 966 919 eius
984 843 1203 948 inspectione

108 956 249 1052 poterit
265 949 451 1034 onmibrn,
478 952 598 1020 virum
614 940 720 1117 fusse
735 952 951 1020 Maeotium
968 945 1201 1048 utsunctita·

110 1060 160 1129 tis
191 1043 474 1149 tttdiostffimum,
492 1052 547 1121 ita
563 1054 600 1119 in
618 1073 656 1118 re
682 1073 723 1118 ns
740 1050 870 1121 divinis
888 1065 923 1120 et
930 1044 1200 1151 spiritualibus,

99 1148 140 1258 fi
157 1156 274 1231 assum
291 1153 425 1235 atium,
453 1153 564 1249 longe
581 1142 933 1247 eriperientfflmum,
962 1165 998 1221 et
1013 1154 1218 1225 admiran-x

111 1258 169 1331 dis
202 1256 348 1327 divinae
376 1257 528 1350 gratiae
564 1248 710 1321 dotibus
750 1253 935 1322 crtnmsate
967 1262 1201 1341 exornatum,

111 1357 240 1454 quoles
264 1358 325 1450 qui
340 1348 450 1454 suut,
478 1355 530 1424 issi
549 1374 642 1423 ,vero
666 1355 829 1423 maxime
852 1356 1017 1423 omnium
1045 1347 1204 1454 confiant

113 1460 248 1541 idonei,
276 1460 350 1552 qni,
378 1481 452 1549 qna
469 1456 546 1524 luce
563 1457 689 1527 divina
713 1454 806 1524 cossa
824 1468 983 1535 trantur,
1011 1456 1104 1525 alios
1120 1483 1203 1551 per·

107 1560 290 1661 joardant.
317 1558 435 1629 Aliter
454 1554 1203 1651 deiissentirentunmmusla.p.294.‚

112 1660 294 1737 scribens:
329 1664 426 1727 Man
443 1654 565 1754 findet
589 1661 625 1728 in
653 1650 839 1754 csensesben
866 1660 943 1729 eine
962 1656 1105 1759 Menge
1119 1686 1205 1731 zum

69 1776 77 1793 ⁸
116 1760 225 1835 Tsteil
256 1758 357 1831 recstt
376 1752 550 1865 sestsame
581 1748 802 1859 casuifiisehe
826 1763 976 1828 Fraeen
1010 1760 1085 1831 und
1110 1766 1205 1831 Ent-

103 1858 377 1963 scheidungen,
418 1858 574 1932 manche
609 1880 674 1929 aas
705 1860 770 1930 der
799 1849 978 1931 interrita
1005 1857 1112 1957 Tiese
1142 1862 1206 1933 des

113 1956 374 2064 taenscsrsicsten
390 1966 554 2033 Herzens
567 1955 783 2059 gescsu'ipfte
797 1958 1090 2059 Bemertungen,
1117 1961 1208 2035 aber

95 2066 187 2159 ,vicl
215 2060 500 2161 Aberglauben,
544 2052 773 2160 ringstlicsren
804 2051 919 2158 Geist,
954 2062 1208 2157 aeglricsdicste

115 2165 193 2241 und
223 2157 513 2263 geschmacitose
543 2167 587 2233 V
584 2160 887 2260 ergleicsmngen‚
916 2165 1017 2237 einen
1043 2164 1209 2262 Moagel

115 2292 168 2343 an
222 2256 504 2365 stilosopstiscsaer
529 2265 791 2359 Anordnnng,
826 2262 1107 2365 Enttoicsaelung
1132 2266 1210 2339 und

112 2293 393 2457 Bestiinmtsteit.
445 2372 547 2435 Inter
572 2366 642 2436 alia
665 2381 787 2448 vetat,
813 2388 861 2435 ne
877 2356 1074 2437 Solitarius
1093 2390 1208 2462 opem

113 2468 350 2541 medicorum
376 2468 416 2537 in
439 2467 582 2540 morbis
607 2464 680 2537 suis
706 2464 899 2552 adhibeat,
923 2465 1048 2541 sedin
1065 2464 1207 2544 Christo

115 2594 272 2645 omnem
290 2570 393 2639 suam
413 2568 512 2662 spem
535 2585 704 2662 reponat.

217 2674 591 2744 ImCunrsosnorm
609 2668 752 2763 scripta,
772 2668 908 2763 quibus
927 2670 1113 2765 permulta
1130 2668 1210 2743 san·

116 2758 247 2847 ctioris
263 2772 362 2841 vitae
378 2787 600 2869 argumenta
617 2771 811 2840 enarravit.
864 2776 961 2841 Sunt
983 2772 1048 2843 illa
1076 2768 1212 2847 diverti

116 2872 264 2973 generis
292 2868 505 2969 exstantque
534 2872 612 2943 eius
641 2870 854 2957 Sermones,
888 2863 1079 2967 Epistolae
1100 2890 1214 2967 atque

119 2966 320 3073 Opascalu,
346 2973 481 3067 quibus
501 2972 679 3045 omnibus
698 2972 911 3044 doctrinam
926 2952 1110 3047 moralein
1123 2974 1214 3049 illu·

116 3072 266 3159 stravit,
301 3076 362 3145 vel
392 3074 515 3144 oblata
541 3072 752 3159 occafione,
789 3076 851 3145 vel
875 3071 1051 3171 singulari
1075 3072 1212 3148 studio.

116 3182 223 3249 Inter
247 3174 379 3271 scripta
402 3201 447 3246 ex
471 3170 642 3245 instituto
668 3173 875 3269 compotita
902 3193 1012 3269 atque
1031 3176 1214 3251 advitam

116 3274 321 3349 hominum
339 3275 552 3371 spectantia,
577 3278 707 3347 locum
721 3276 880 3348 habenta
914 3276 1020 3351 Libri
1038 3278 1083 3349 de
1104 3280 1213 3347 Com·

117 3380 318 3477 punctione
335 3378 453 3447 cordis
470 3377 553 3469 (arpi
571 3370 784 3465 κατενύξεως)
800 3378 851 3447 ad
861 3377 1094 3449 Demetrium
1110 3397 1147 3450 et
1163 3376 1216 3449 ad

119 3477 344 3551 stelechium
360 3478 404 3548 de
421 3478 558 3551 eodem
574 3496 811 3576 argumente,
840 3478 1041 3574 conscripti
1059 3504 1079 3550 a
1097 3482 1215 3567 Chry·

120 3576 306 3663 sos'tomo¹
332 3580 454 3651 adhuc
469 3586 645 3662 Lectore,
674 3578 802 3651 saltem
818 3581 1013 3664 Diacono‚
1042 3579 1141 3674 qnod
1157 3600 1215 3649 rc·

119 3680 273 3783 galeros
298 3678 466 3777 seminat
487 3684 574 3753 viris
598 3678 813 3753 cohabitare
838 3705 911 3751 non
940 3679 1096 3753 debeant
1122 3678 1216 3769 (arpi

118 3784 184 3857 τοῦ
206 3782 251 3873 μὴ
277 3784 435 3865 narrarem
461 3796 611 3855 συνοικεῖν
633 3783 792 3879 ἀνδράσιν)
820 3784 857 3851 in
879 3805 962 3863 eos,
989 3781 1051 3877 qai
1066 3768 1218 3873 sorores

120 3882 325 3975 adoptivas
341 3880 479 3951 stobent
496 3886 596 3977 (πρὸς
621 3889 681 3955 τοῦ
706 3884 835 3973 ἔχοντας
862 3883 1037 3973 παρθένους
1059 3879 1216 3949 curatoria·

119 3986 236 4069 τους),
270 4006 367 4079 opus
391 3985 435 4053 de
455 3987 688 4087 Virginitate
712 3983 794 4080 (arpi
810 3977 1014 4077 παρθενίας),
1040 3979 1127 4051 libri
1148 3980 1216 4051 uel·

121 4076 245 4185 versus
258 4086 359 4158 vitoe
375 4076 600 4183 monasticae
617 4090 887 4187 vituperatores
909 4082 999 4181 (πρὸς
1021 4078 1096 4171 τοὺς
1122 4082 1216 4157 roi:-
