2542 4724
118 252 201 373 ,794
384 245 536 343 cre.
564 247 644 317 xv.
696 238 732 330 §.
762 234 848 317 151.
877 184 965 317 1'52.
1037 316 1040 323 ,

121 421 209 546 effe,
246 433 415 511 ducebat.
482 431 774 528 Hieronymi
801 452 890 501 vero
914 453 984 502 nec
1008 427 1217 519 dictionarii,

121 568 188 617 nec
206 534 548 634 interpretationem
564 557 745 626 urnqaant
759 529 947 627 probavit.
989 535 1216 609 Namdictio
1260 556 1262 595 t

125 649 201 719 eius
214 631 267 737 eft
284 639 442 719 tanrida,
471 649 507 707 et
519 634 755 728 plus-operae
762 624 895 731 sumsit
912 635 950 705 in
958 634 1219 723 declamando,
1260 612 1262 739 Ξ

126 768 241 841 quam
259 745 296 811 in
322 736 599 832 interpretando
617 737 861 829 Scripturarn.
917 735 993 807 Sed
1010 762 1081 808 nec
1100 733 1220 834 Bali·
1260 774 1262 787 ·

79 881 83 898 ¹
127 848 181 919 lii
214 843 387 938 Magni
419 832 561 937 scripta
590 836 797 905 admodum
831 835 1044 907 laudabat:
1080 836 1221 909 dicebat

42 960 45 965 ’
128 948 247 1027 enim,
281 944 367 1024 iiia,
404 954 446 1010 nt
470 930 576 1034 ipstus
598 935 717 1007 verbis
743 951 849 1022 utar,
878 941 1038 1009 nimiam
1064 940 1222 1012 redolere

126 1042 408 1129 monachatum.
459 1025 1222 1136 MagistramSententiarumideo

129 1134 443 1244 legencium‘effi‚
479 1139 623 1224 aiebat,
661 1141 761 1235 qaod
788 1143 817 1209 is
843 1144 1013 1211 omnium
1042 1140 1131 1238 sere
1156 1146 1223 1215 Pa·

120 1236 456 1344 ,trurnvscntentias
488 1242 533 1311 eie
555 1243 764 1336 praecipuis
790 1243 879 1313 locis
907 1243 1110 1315 doctrinae
1139 1242 1223 1315 eiiri·

118 1339 270 1446 stianoe
287 1349 324 1414 in
341 1336 511 1443 librosuo
529 1343 738 1441 collegerit,
760 1335 823 1439 sed
840 1356 969 1413 tamen
989 1369 1078 1414 cum
1096 1347 1223 1417 iudicio

119 1449 287 1541 'iuniores
305 1445 498 1543 theologos
515 1443 636 1543 legere
653 1444 758 1513 iilum
774 1441 935 1515 volebat.
982 1450 1159 1543 Legatur
1172 1453 1224 1519 Io.

128 1554 178 1624 E..
193 1552 464 1630 Garutianus,
493 1546 559 1637 qui
574 1547 680 1640 plura
698 1545 766 1615 hac
783 1546 828 1615 de
845 1570 884 1617 re
900 1564 1034 1619 narrat
1049 1548 1224 1621 Dedicat.

129 1648 179 1725 a‘d
195 1646 313 1721 Patris
328 1652 387 1719 Io.
405 1647 927 1746 Geuuuuanatrologiam.

587 1778 647 1943 §J
679 1847 765 1926 152.

162 2090 168 2103 ,
231 2016 426 2116 Sequitur
453 2010 582 2117 Claffis
606 2021 717 2092 tertia
741 2041 897 2110 eorum,
916 2023 1041 2117 quide
1058 2020 1227 2097 Auctori-

131 2132 212 2196 tate
246 2125 407 2192 Petrum
440 2112 623 2220 Ecciefiae
650 2114 868 2223 diffentiant.
923 2124 971 2195 In
994 2122 1067 2196 illa
1091 2124 1228 2198 locum

129 2218 293 2309 habent,
319 2221 389 2319 qui
414 2219 549 2294 media
573 2220 641 2294 via
660 2218 856 2296 incedunt
879 2246 925 2296 ac
939 2223 1135 2300 Patribus
1160 2246 1229 2301 nec

129 2322 236 2429 plus,
264 2340 345 2413 nea
365 2320 516 2409 minus,
538 2346 659 2418 quam
684 2320 812 2409 decet,
830 2323 1025 2399 tribuunt.
1086 2327 1171 2444 Qui
1191 2328 1229 2401 iu

130 2424 241 2499 viam
272 2421 376 2497 hanc
406 2421 447 2496 se
481 2421 576 2495 dant
601 2448 645 2496 ac
665 2423 1004 2524 progrediuntur,
1029 2422 1229 2528 sapienter

131 2539 257 2624 agunt
282 2540 400 2619 atque
429 2523 581 2623 optime
605 2521 677 2597 fibi
702 2524 927 2615 consulunt,
948 2530 1153 2624 quoniam
1169 2528 1229 2603 illa

129 2624 297 2723 reliquis
315 2624 440 2698 tutior
460 2639 576 2721 atque
596 2625 735 2699 utilior
753 2624 829 2716 est,
848 2624 929 2700 five
948 2626 1000 2701 ad
1014 2632 1229 2705 veritatem

131 2723 453 2826 cognoscendam
484 2750 528 2800 ac
557 2723 878 2819 diiudicandam,
906 2725 989 2803 five
1016 2729 1073 2804 ad
1098 2732 1228 2832 aequi·

130 2843 254 2902 tatem
270 2823 507 2901 seruandam
521 2824 722 2928 respicias.

229 2969 340 3038 Duae
361 2965 613 3038 extremitates
631 2965 853 3039 devitandae
877 2965 981 3055 sunt,
1009 2970 1038 3043 fi
1065 2974 1230 3045 mediam

128 3065 233 3138 viam
260 3065 397 3163 eligere
427 3091 543 3162 eaque
575 3068 749 3140 incedere
775 3069 949 3141 velimus.
1010 3074 1148 3146 Altera
1174 3073 1228 3159 est,

131 3192 205 3264 qua
224 3166 269 3237 ad
293 3168 455 3240 nimium
474 3170 709 3264 prolabimur
734 3189 845 3266 atque
869 3170 910 3240 in
928 3171 1072 3258 carrlia,
1102 3178 1145 3246 in
1164 3198 1229 3273 qut

130 3268 349 3362 explicanda
365 3293 470 3339 nunc
486 3272 684 3359 versamur,
711 3273 883 3344 Patribus
899 3274 1091 3346 maiorem
1103 3298 1231 3349 aueto-

23 3416 27 3423 ·
129 3369 300 3452 ritatem,
327 3395 439 3465 quam
467 3368 547 3441 fieri
572 3371 696 3457 debet,
733 3375 975 3446 attribuimus
1002 3393 1126 3471 atque
1154 3379 1230 3451 aliis

129 3470 349 3567 persuadere
374 3496 575 3557 conamur,
614 3493 756 3567 praeter
781 3477 1010 3571 scripturam
1041 3484 1078 3550 S.
1107 3485 1230 3552 Patre

129 3572 294 3644 inrebus
312 3571 399 3644 fidei
410 3573 636 3669 principium
653 3601 900 3669 normamque
916 3578 1106 3672 praebere
1139 3589 1230 3655 Pon·

66 3748 69 3753 ,
129 3672 269 3745 tificios
291 3675 488 3770 praecipue
504 3672 624 3773 {atque
642 3677 739 3748 inter
758 3675 1001 3750 Refo'rmatos
1021 3684 1230 3781 Episcopa-

130 3775 187 3851 les
213 3774 255 3846 in
283 3775 418 3873 anglia
444 3779 561 3848 errori
588 3780 676 3850 huic
700 3779 870 3850 addictos
896 3776 982 3862 effe,
1011 3781 1168 3858 constat
1193 3810 1230 3859 ex

131 3893 241 3948 antea
273 3874 393 3949 dictis.
452 3880 624 3950 Nimium
655 3882 730 3952 hoc
758 3883 916 3966 merito,
953 3898 996 3950 ut
1031 3887 1228 3971 vitiosum,

131 3978 329 4052 evitamus.
391 3983 516 4053 Patres
537 3980 717 4055 Ecclesiae
744 3979 901 4055 fuerunt
925 4001 1083 4059 tantum
1110 3991 1229 4063 homi·

23 4172 26 4177 ¹
126 4100 220 4168 naa,
253 4078 426 4177 quinon
457 4080 580 4156 solum
608 4107 728 4159 errare
756 4102 987 4180 potueruut,
1026 4087 1096 4165 fed
1123 4094 1230 4168 etim
