2542 4724
326 350 329 355 ¹
367 254 456 328 ot
485 278 520 325 ι.
552 261 617 327 111.
642 260 707 359 a.
736 256 797 331 aa.
825 256 887 330 27.
1106 261 1181 337 199

67 466 245 544 crepare
272 438 450 538 aliasque
478 446 604 540 Opera
631 439 707 515 elle
733 450 900 533 maiora,
934 443 1009 517 alia
1041 461 1179 529 autem
1224 436 1229 445 ’

64 552 237 619 minora
277 546 406 647 'Quae
431 550 579 617 maiora
604 540 680 617 elle
707 542 903 633 diximUS,
939 544 1077 621 multis
1101 572 1176 623 vo·

62 643 303 721 luminibus
323 640 584 719 absolvuntur
611 671 655 718 ac
678 671 873 746 magnum
893 646 1070 747 pretium
1094 674 1178 723 una
1254 696 1258 709 ι

62 773 167 822 cum
196 742 414 847 splendore
437 741 692 845 praeferunt3
735 752 882 839 minora
900 762 1048 820 autem
1081 773 1202 822 con·-

61 847 172 937 ftant
188 845 314 921 tomis
332 849 493 945 paucis,
523 846 674 943 aliquot
691 845 916 936 interdum,
941 848 1069 941 immo
1087 873 1174 925 uno

60 964 245 1023 tantum.
298 945 519 1021 Diverfitas
542 946 662 1037 haec,
698 973 799 1044 quae
824 972 873 1020 ex
894 949 1017 1023 variis
1038 944 1176 1025 cauffis
1267 1028 1270 1035 ,

63 1065 163 1125 nata
181 1045 263 1137 est,
293 1044 485 1136 ostendit,
514 1047 561 1121 ab
581 1049 667 1122 aliis
684 1048 900 1141 maiorem,
930 1049 977 1121 ab
995 1048 1081 1124 aliis
1097 1050 1175 1123 mi·
1252 1070 1256 1081 ·

63 1174 246 1324 uoremff
256 1147 457 1224 delectum
483 1149 527 1223 in
561 1147 799 1249 colligendis
832 1147 986 1250 scriptis
1020 1147 1174 1227 adhibi-

65 1269 159 1327 tum
181 1275 209 1324 e
242 1274 276 1324 e.
704 1250 708 1269 “

554 1394 591 1480 q.
631 1391 705 1497 ⁴27.

175 1553 304 1675 Quod
321 1555 372 1629 ad
394 1556 575 1656 linguam
599 1557 759 1647 attinet,
787 1582 865 1657 qua
887 1559 931 1630 in
954 1556 1175 1633 Bibliothe-

74 1658 131 1737 cis
157 1659 228 1735 lus
259 1654 403 1759 scripta
427 1657 688 1749 exhibentur,
723 1659 767 1731 in
794 1660 921 1732 certas
948 1652 1082 1761 Cloffes
1104 1658 1174 1735 illa

74 1758 210 1837 dividi
223 1754 394 1861 polluat.
447 1757 654 1862 Quaedam
677 1760 720 1832 in
743 1757 825 1833 istis
846 1758 1045 1832 habentur
1060 1774 1173 1834 utro·

76 1888 154 1963 que
171 1858 384 1949 sermone,
413 1885 557 1960 graeco
583 1886 627 1933 ac
651 1862 799 1950 latino,
827 1859 1022 1958 quaedam
1045 1859 1171 1935 latino
1261 1898 1265 1913 ι

73 1978 251 2050 tantum,
274 1960 505 2059 horumque
521 1960 603 2035 duo
620 1960 711 2051 lunt
732 1987 892 2061 genera.
945 1962 1031 2034 Alia
1048 1961 1171 2048 enim,

75 2086 205 2165 eaque
221 2063 436 2164 pleraque,
463 2065 658 2138 Auctores
691 2063 814 2138 latine
839 2059 1172 2160 conscripserunt,

75 2166 151 2241 alia
194 2165 240 2238 in
277 2162 442 2237 latinam
473 2164 655 2262 linguam
689 2161 881 2237 conversa
911 2161 1010 2235 sunt.
1066 2164 1174 2236 Atta-

76 2292 172 2341 men
204 2260 418 2338 fatendum
448 2264 523 2353 est,
556 2265 600 2335 in
619 2262 879 2339 Bibliothecis
909 2261 972 2336 his
1008 2285 1174 2362 compo-

75 2366 223 2443 nendis
249 2390 335 2439 non
360 2364 516 2468 semper
542 2363 718 2453 debitam
749 2364 1046 2459 accurationem
1079 2384 1174 2464 pro·

72 2468 210 2544 batam
229 2462 358 2541 fuiffe.

180 2766 400 2843 lustitutum
419 2769 738 2842 Bibliothecarum
755 2775 927 2849 Petrum,
962 2764 1029 2835 ubi
1054 2763 1095 2834 id
1118 2761 1176 2856 ip·

77 2876 189 2960 rum,
218 2874 260 2945 in
288 2871 322 2941 le
347 2871 571 2967 spectatum,
607 2867 882 2952 confideratur,
918 2867 1077 2938 omnino
1096 2865 1177 2933 lau·

77 2973 251 3047 dandum
271 2973 694 3082 commendandumque
715 2968 805 3054 elle,
832 2968 935 3063 quis,
963 2967 1016 3038 rei
1033 2965 1177 3061 peritus
1242 3050 1246 3059 Ι

78 3104 123 3151 ao
148 3073 232 3149 veri
256 3070 464 3160 studiosus,
498 3091 621 3173 neget.
687 3077 745 3143 Ita
768 3072 889 3155 multa
914 3081 1177 3147 monumenta,

76 3175 299 3277 praesertim
317 3176 552 3268 antiquitatis
571 3169 845 3255 ecclefiastioae,
874 3171 921 3241 ad
936 3171 1122 3241 maiorem
1137 3188 1182 3235 ao

78 3279 302 3379 longiorem
331 3276 440 3348 ulum
464 3279 642 3350 translata
668 3277 776 3357 lunt,
809 3271 903 3346 varii
926 3271 1034 3355 libri,
1071 3283 1180 3338 antea

81 3380 185 3453 haud
210 3374 323 3463 editi,
356 3379 398 3449 in
421 3380 545 3450 lucem
571 3393 775 3458 venerunt,
811 3392 877 3446 aut
900 3373 967 3444 ubi
993 3373 1070 3441 iam
1092 3391 1180 3463 pro·

83 3482 251 3564 dietant,
301 3505 321 3550 a
347 3480 532 3564 tenebris,
582 3478 624 3548 in
656 3477 793 3572 quibus
826 3474 948 3546 adhuc
977 3473 1180 3551 iacuerunt,

82 3579 217 3679 erepti.
271 3580 448 3653 Attamen
468 3578 720 3652 Bibliothecae
742 3579 808 3649 has
829 3577 933 3658 vitiis
955 3599 1037 3645 non
1060 3592 1183 3642 carere

86 3705 198 3781 atque
215 3682 490 3755 emendatiores
508 3680 589 3754 fieri
605 3677 726 3778 polle,
753 3679 884 3750 itidem
904 3694 1048 3749 certum
1065 3668 1113 3743 est
1129 3687 1183 3740 at-

88 3812 160 3882 que
176 3783 344 3857 evidens,
396 3790 545 3856 Praeter
563 3784 653 3867 alia,
679 3782 778 3864 inter
794 3781 859 3851 illa
875 3781 1007 3850 locum
1024 3773 1184 3851 habent;

93 3890 132 3976 l)
156 3880 299 3957 iustum
323 3885 485 3957 modum
515 3885 557 3953 in
590 3882 812 3979 colligendis
844 3906 886 3951 aa
912 3872 1187 3973 coniungendis

93 3987 239 4083 [criptis
266 3987 456 4059 interdum
491 3988 707 4084 neglectum
739 4009 781 4054 ac
811 3983 969 4052 nimiam
1001 3977 1190 4048 librorum

97 4092 241 4162 molem
259 4085 471 4189 congestam
492 4085 578 4172 elle;
612 4088 653 4179 2)
676 4112 756 4159 non
778 4084 919 4180 semper
941 4079 1110 4154 debitum
1127 4074 1203 4144 de·v
