2542 4724
318 242 676 395 nomano.
729 274 850 365 §.so
1092 278 1170 357 sn

82 466 174 536 locis
189 461 342 537 ebroicis
357 485 492 559 graece
505 462 668 555 primum
691 458 740 531 ab
757 455 912 561 Eusebio
931 450 1172 567 Caesareanfi,

81 567 215 637 deirule
232 568 346 637 latine
354 558 519 659 jeriptus
536 559 584 631 ab
600 565 855 660 Hieronymo,
882 568 920 635 in
943 571 1171 643 commodio-

83 692 163 739 rem
179 692 266 738 vero
287 667 450 738 ordinem
469 663 657 745 redactus,
684 668 796 733 variis
813 666 1077 741 additamentis
1102 698 1174 741 ou·
1197 718 1201 742 a

83 782 163 839 ctus
179 772 347 861 notisque
364 780 399 835 et
416 762 545 833 tabula
560 762 818 861 geographico
833 768 998 839 Iudaeae
1012 761 1171 866 illustra·

83 883 154 939 tus.
208 866 292 943 Post
309 864 551 939 Bonsrerium
569 865 615 933 da
630 865 728 935 libro
749 866 823 936 hoc
840 867 932 939 bene
949 872 1104 945 meritus
1123 869 1176 947 est

84 975 142 1041 10.
171 976 493 1042 blaarrantaus.
560 964 741 1035 Exhibuit
770 969 868 1037 enim
900 967 1010 1042 istum
1035 997 1173 1069 graece,

87 1071 135 1141 od
152 1072 368 1164 exemplum
387 1068 552 1161 msptum
569 1068 694 1136 denuo
712 1067 950 1154 recensitum,
984 1098 1069 1143 cum
1086 1074 1177 1145 Hia-

87 1172 244 1263 ronymi
263 1171 377 1241 latina
394 1168 723 1262 interpretatione,
750 1168 797 1237 ad
815 1170 970 1244 Codices
986 1198 1104 1249 manu
1118 1200 1180 1257 est²

87 1292 214 1344 aratos
233 1268 423 1367 castigata,
465 1265 601 1339 omissis
626 1286 751 1339 tamen
775 1269 964 1343 Bonfrerii
985 1276 1108 1360 notia,
1133 1277 1176 1349 in

86 1379 345 1447 thaotsrntr
388 1374 551 1464 Operturr
587 1376 696 1441 Tom.
722 1375 770 1443 ΙΙ.
816 1371 925 1443 Paris.
960 1373 1175 1461 1699.,=eb

87 1499 133 1547 eo
162 1475 366 1547 editorum.
425 1473 596 1564 Denique
627 1476 682 1541 [ο.
708 1476 916 1545 cremeas
943 1476 1105 1562 curavit,
1130 1495 1176 1551 ut

84 1576 277 1673 integrum
305 1599 419 1669 opus,
456 1570 698 1643 aBonfrerio
725 1573 888 1658 editum,
932 1596 1100 1651 accurate
1129 1604 1175 1655 oo

85 1677 206 1749 nitide
224 1678 443 1747 litterarum·
461 1674 596 1749 formis
621 1672 758 1745 iterum
787 1674 1068 1763 del'criberetut3
1084 1705 1181 1761 2neo,

87 1776 214 1849 solum
260 1776 616 1857 animadversiones,
661 1774 723 1845 sed
772 1776 885 1847 etiam
930 1784 1175 1865 Bonosum,-

84 1879 269 1951 Monachi
309 1905 355 1949 ex
387 1881 474 1951 Ord.
511 1875 835 1960 Praedicatorum,
878 1875 1174 1977 Descriptioaem

87 1995 209 2051 terroe
223 1974 381 2081 ferretne
399 1978 564 2061 addidit,
590 1973 740 2048 Amstel.
764 1980 872 2049 1707.
900 1978 1017 2070 sol.*)
1067 1983 1174 2061 Idem

85 2085 291 2153 Eusenos
321 2081 545 2161 Chronicon,
572 2080 757 2168 remoboth
781 2084 902 2171 ἱστορία
925 2080 1090 2169 dictum,
1116 2108 1172 2159 ra·

82 2181 207 2277 liquit.
260 2189 366 2253 Duae
394 2185 477 2253 sunt
501 2181 603 2252 illius
629 2196 770 2272 partes,
803 2180 842 2250 in
863 2205 1022 2276 quarum
1033 2182 1172 2281 ptimo,

84 2285 193 2355 cuius
221 2283 413 2378 inscriptio
442 2282 507 2355 est:
542 2284 681 2372 χρονικοὶ
706 2282 827 2362 κανόνες
862 2285 1057 2375 παντοδαπῆς
1085 2292 1175 2359 iaro-

81 2374 170 2479 prhr,
206 2385 320 2456 hodie
348 2387 455 2456 raldo
487 2383 640 2466 mutila,
676 2381 846 2452 onmium
878 2404 973 2478 pena
1002 2384 1176 2483 gentium

85 2486 251 2585 origines
275 2505 311 2556 et
334 2513 390 2558 res
417 2489 579 2557 maxime
603 2483 864 2555 memorabiles
897 2485 941 2555 ab
968 2489 1174 2559 orbe-con·

86 2587 170 2659 dito
188 2588 438 2684 prosequutus
456 2585 522 2673 est;
546 2588 586 2656 in
605 2584 762 2655 secunda
781 2605 927 2672 autem,
962 2612 1055 2683 quae
1072 2591 1177 2661 κανὼν

83 2693 230 2780 moseum
259 2692 482 2784 appellatur,
517 2702 649 2758 cuncta
677 2685 723 2754 ad
754 2703 970 2781 temporum
1001 2690 1176 2765 ordinem

86 2790 285 2886 disposuit.
336 2796 587 2886 Hieronymus
605 2787 720 2857 latine
737 2788 848 2856 vertit
868 2782 1174 2877 Chronicon'boc,

84 2893 243 2965 nimiam
270 2909 394 2962 autem
421 2891 590 2960 adhibuit
613 2887 833 2958 libertatem.
899 2895 1032 2962 Graeco
1057 2894 1174 2988 perie-

84 3011 196 3078 runt,
219 3006 373 3088 praeter
391 2998 632 3090 Fragmenta,
667 3012 763 3082 quae
786 2989 1021 3089 Chronologi
1047 3019 1172 3064 recen-

84 3096 206 3167 tiores.
226 3095 270 3165 ab
291 3094 446 3165 interitu
472 3093 731 3173 vindicarunt,
767 3093 960 3181 Syncellus
984 3096 1171 3188 inprimis,

85 3196 276 3269 cedrenus
300 3214 410 3290 atque
436 3193 507 3263 alii.
561 3191 723 3288 Collegit
750 3187 815 3261 illa
840 3199 920 3264 Ios.
945 3198 1056 3265 Iusr.
1082 3201 1174 3269 Sca·

83 3322 217 3369 arana
233 3321 276 3369 ac
291 3321 378 3367 cont
393 3293 619 3385 Hieronymi
633 3292 749 3362 latina
762 3292 1068 3387 interpretatione
1082 3296 1173 3368 suis·

84 3424 160 3494 que
185 3395 565 3471 animadversionibus
590 3395 632 3465 in
656 3386 840 3491 Thesauro
867 3409 1074 3491 teurporum
1097 3398 1174 3469 edi-

84 3500 162 3584 dit,
198 3499 322 3596 Lugd.
347 3504 426 3569 Bat.
459 3496 563 3568 thob.
594 3494 663 3566 fol.
701 3512 737 3564 et
766 3490 916 3565 Amstel.
943 3496 1048 3573 1658.
1085 3496 1179 3585 fot,

83 3624 181 3697 quae
205 3598 386 3695 posterior
413 3598 528 3669 editio
555 3595 728 3693 Scaligeri
747 3599 1046 3670 Commentarios
1064 3623 1173 3671 aceu-

80 3703 244 3773 ratiores
262 3720 299 3771 et
314 3703 437 3771 nrulto
455 3698 721 3791 locupletiores
738 3697 896 3767 exhibet.
933 3694 1028 3771 Iusta
1046 3717 1172 3771 tamen

83 3800 135 3875 est
155 3801 349 3873 dubitandi
365 3802 483 3882 ratio,
521 3799 650 3870 onmia
669 3797 714 3869 ab
729 3796 888 3869 Eusebio
905 3796 1073 3894 profecta
1091 3798 1171 3885 else,

82 3903 242 3999 quaesi
276 3904 314 3971 in
348 3896 532 3999 Thesauro
565 3901 639 3972 hoo
670 3898 899 3970 tribuuntur.
966 3902 1106 3971 Merito
1135 3918 1174 3972 et

79 4004 318 4077 erathium
339 4005 659 4085 animadvertunt,
691 4002 918 4094 Scaligerunt
939 4026 1018 4073 non
1037 4018 1172 4073 cuncta

74 4158 290 4175 a*

115 4238 146 4301 ⁸)
165 4231 234 4291 vid.
251 4233 350 4287 Etrnr
370 4228 512 4301 liihliagr.
532 4226 676 4283 ll'b'rterb.
694 4246 740 4283 no.
759 4233 776 4283 t
780 4232 836 4285 115.
