2542 4724
399 324 487 401 CA
514 350 551 398 r.
587 332 652 399 IX.
707 328 742 421 §.
767 326 831 400 87.
1092 328 1167 407 515

63 544 113 591 en
137 512 267 613 qrribus
291 512 488 609 multiplex
503 515 580 582 Dei
596 514 632 583 in
651 510 707 583 iris
727 536 873 610 quoque
895 513 1002 587 rebus
1011 510 1165 619 sapien-

63 624 122 691 tia
145 610 372 717 perspicitur.
438 616 531 716 Quis
555 616 653 685 euim
674 607 783 709 poffit
807 640 934 688 eorum
959 622 1166 693 multitudi-

63 746 150 792 nem
177 736 213 789 et
235 742 415 816 generum
432 720 654 785 varietatem
679 720 923 787 enumerare?
963 720 1163 793 Praeterea

63 820 253 893 benedixit
274 822 378 889 Deus
401 822 462 900 iis,
499 842 594 911 escrae
617 842 663 887 ex
688 822 793 911 aquis
816 832 910 889 nato
923 814 1035 921 fient,
1062 838 1104 893 nt
1126 826 1165 897 iet

63 946 212 1029 qnoque
234 910 389 1017 fignum
427 911 529 1019 effet,
573 918 737 989 homiues
759 924 1028 1013 poenitentiam
1053 940 1089 994 et
1110 950 1164 995 re·

63 1016 270 1125 rniffiauem
285 1036 525 1117 peccatorum
547 1045 614 1115 per
632 1045 773 1113 aqiram
791 1035 827 1091 et
841 1022 1034 1095 lavacrum
1059 1050 1165 1123 rege·

63 1128 270 1197 iterationis
298 1136 534 1217 accepturae,
562 1136 746 1216 quotquot
766 1122 818 1189 ad
843 1126 1040 1197 veritatem
1062 1151 1164 1196 acce-

63 1228 162 1299 dunt
188 1240 224 1295 et
251 1239 518 1321 regenerantur
545 1238 581 1293 et
605 1220 891 1293 benedictionem
917 1252 940 1295 a
956 1230 1041 1297 Deo
1068 1232 1165 1297 acei-

63 1332 185 1427 piunt.
238 1330 617 1425 IusrmtsMartyr.
635 1324 775 1397 fatetur
790 1326 984 1423 Apologia
994 1334 1021 1398 I.
1039 1330 1164 1413 n.61‚

63 1454 140 1502 nos
156 1428 195 1499 in
212 1430 346 1521 Aqua,
375 1427 399 1496 i.
426 1451 455 1497 e.
473 1428 669 1521 Baptismo
702 1426 815 1513 ἄφεσιν
836 1432 997 1521 ἁμαρτιῶν
1024 1426 1099 1519 ὑπὲρ
1124 1422 1168 1501 dv

63 1530 309 1625 προημιίρτομεν
334 1532 482 1599 reniam
510 1542 770 1625 peccatorum„
806 1553 902 1622 qreae
931 1534 1033 1624 prius
1066 1553 1167 1601 com-

63 1624 227 1731 misimus
244 1628 434 1723 consequi.
463 1634 700 1702 Cumanus
714 1622 828 1727 Epist.
841 1634 1024 1701 LXXVI.
1036 1658 1071 1727 p.
1082 1630 1166 1707 155.

63 1734 177 1805 dicits
209 1738 257 1802 In
275 1734 472 1827 Baptismo
499 1734 690 1825 uuicuique
711 1748 867 1824 peccata
880 1728 954 1831 sua
972 1737 1167 1805 remittun-

62 1850 149 1919 tur,
176 1851 213 1905 et
231 1832 296 1904 sub
316 1830 429 1903 finem
447 1830 618 1929 Libsiflss
634 1830 781 1903 Habitu
800 1836 1004 1933 Virgiuum
1021 1860 1058 1931 p.
1082 1836 1165 1909 180.

63 1956 196 2007 omues
219 1934 388 2031 attidem,
417 1936 480 2027 qui
505 1932 557 2001 ad
582 1932 748 2003 dioimun
770 1934 964 2005 lavacrum
979 1939 1173 2031 Baptismi·

63 2030 362 2139 fanetficatieme
397 2036 636 2127 perveniunt,
676 2032 863 2104 bominem
895 2036 969 2105 illic
1007 2052 1169 2108 veterem

63 2142 198 2239 gratia
223 2138 366 2207 lavacri
381 2130 560 2231 striaturis
587 2149 800 2229 exponunt,
830 2149 866 2205 et
880 2139 1061 2207 innovati
1084 2142 1169 2233 Spi-

64 2244 143 2311 ritu
160 2243 199 2313 S.
219 2264 242 2308 a
253 2230 432 2335 sordibus
448 2238 684 2335 contagionis
701 2240 890 2330 antiquae,
919 2240 1056 2309 iterata
1071 2243 1170 2311 nati·

63 2336 206 2424 bitate,
231 2352 458 2439 purgantur.
512 2332 603 2407 Nori
630 2336 753 2407 solum
777 2338 948 2421 adultos,
977 2337 1039 2409 sed
1056 2340 1170 2413 etiam

65 2440 234 2513 infantes
250 2440 503 2537 baptizandos
515 2438 594 2523 effe,
622 2456 765 2509 veteres
783 2439 1022 2511 hiDoctores
1033 2441 1171 2513 'itidem

65 2543 261 2647 perspicue
278 2538 469 2613 testantur.
526 2546 741 2611 OnlcExEs
763 2542 1018 2611 Comrueutar.
1044 2545 1080 2612 iu
1099 2546 1168 2612 Le·

65 2648 166 2719 vitic.
185 2644 588 2737 110n1i1.VI11.0ap.:I.
608 2642 734 2723 tradit,
761 2638 926 2713 infantes
945 2642 1170 2715 sacrofonte

66 2745 290 2845 purgandos
308 2744 393 2829 effe,
422 2769 463 2814 ac
481 2770 546 2813 cur
560 2742 599 2811 id
619 2740 701 2813 fieri
720 2741 871 2827 debeat,
899 2745 1087 2816 rationem
1106 2746 1169 2815 ad·

70 2849 128 2921 dit
145 2850 238 2919 dum
256 2848 367 2919 dicit:
404 2848 509 2915 Adai
525 2848 638 2915 etiam
655 2859 691 2914 et
715 2844 807 2913 illud
821 2834 961 2939 potest,
993 2860 1034 2915 ut
1051 2850 1172 2941 requi·

69 2964 200 3035 ratur,
229 2949 318 3043 qiud
338 2940 482 3046 cauffae
494 2942 559 3041 lit,
588 2948 886 3041 cumBaptisma
904 2940 1084 3043 Ecclefiae
1101 2972 1171 3043 pro

69 3041 276 3147 temiffioue
311 3063 553 3145 peccatorum
593 3050 721 3130 detur,
759 3038 959 3143 seecundum
989 3042 1173 3146 Eceiefiae

73 3146 349 3253 observantiam
373 3154 486 3219 etiam
509 3148 674 3243 penulis
689 3150 928 3242 Baptismum
949 3150 1064 3219 dari?
1087 3176 1171 3221 cum

72 3258 211 3347 ntique.
228 3244 267 3351 fi
283 3252 374 3322 niiu'l
391 3244 473 3351 effet
490 3252 526 3319 in
540 3250 719 3349 parentib,
745 3250 846 3343 quod
863 3250 915 3321 ad
931 3240 1172 3345 rerniffionem

73 3352 221 3425 deberet
244 3368 282 3423 et
306 3354 579 3451 indulgentiam
604 3356 805 3447 perfluere,
831 3354 962 3449 gratia
985 3354 1173 3446 Baptismi

63 3450 262 3557 superflua
275 3456 470 3525 videretur.
481 3448 516 3547 *)
569 3452 845 3551 Adiungendus
864 3477 1016 3547 quoque
1033 3450 1083 3523 est
1099 3460 1171 3524 Cr·

74 3582 280 3641 enerues,
310 3572 351 3625 ut
375 3554 591 3651 perspicuus
617 3578 659 3651 ue
673 3554 851 3649 'locuples
875 3550 983 3625 testis.
1034 3556 1172 3649 Dispu-

71 3658 171 3729 tavit
195 3652 261 3727 iste
286 3682 370 3727 cum
391 3656 484 3727 Fido
512 3656 657 3751 Episc.,·
688 3656 840 3749 quando
866 3680 908 3727 ac
930 3679 1008 3753 quo
1036 3656 1095 3727 die
1116 3682 1171 3727 re·

73 3782 167 3829 cens
191 3754 273 3828 nati
299 3756 464 3830 infantes
494 3756 566 3829 fint
598 3750 845 3853 baptizandi?
888 3782 934 3828 ac
960 3781 1079 3853 quum
1110 3746 1172 3829 hie

69 3856 319 3946 existimaret,
355 3860 455 3933 diem
492 3877 692 3945 octavum,
735 3856 1009 3933 circtmtcifioni
1039 3862 1169 3931 eDeo

66 4028 285 4049 m

103 4116 139 4185 ⁸)
162 4112 237 4169 Atii·
263 4134 321 4192 quo
343 4134 381 4197 up
406 4118 480 4175 Iocis
506 4118 561 4175 ori
583 4135 651 4173 ones
675 4118 756 4173 idem
782 4116 887 4179 tradit,
912 4110 1023 4171 IIomiI.
1043 4112 1125 4171 XIV
1137 4112 1171 4168 in

144 4180 265 4240 Lucem
282 4192 312 4241 ct
369 4186 412 4245 br.
431 4190 469 4247 V.
494 4136 661 4257 Expienat.
681 4186 736 4255 Ep.
756 4186 798 4238 ad
814 4184 948 4241 Roman.
965 4182 1034 4259 Gap.
1051 4186 1078 4241 6.

767 4262 865 4364 oe*
