2542 4724
372 286 643 382 'cram
677 303 879 396 §.uat
1081 300 1161 382 ota

16 520 19 525 ·
66 490 144 567 alii
162 487 201 582 *)
251 497 378 587 Quum
401 491 442 561 in
470 486 724 563 Catachesrbus
746 491 805 563 his
830 492 1040 563 luculenter
1063 485 1158 562 affir-

64 612 213 678 matur,
241 588 372 662 Christi
396 616 534 686 corpus
558 616 601 663 ac
621 591 841 689 sanguinem
856 592 897 663 in
915 598 949 663 S.
971 597 1097 662 Coena
1115 616 1157 663 ro
1178 666 1189 683 ,

65 693 146 791 ipsa
165 693 368 789 praesentia
384 690 471 775 asse,
497 693 636 763 mirum
652 717 734 763 non
758 690 825 776 est,
851 694 935 765 illas
957 691 1156 765 Reforma-

65 797 118 869 tis
137 794 337 889 displicere.
390 799 468 864 Nec
489 793 549 867 his
570 794 744 867 relictum
762 791 829 879 est,
856 793 962 889 quod
981 790 1155 865 adversus

16 912 24 921 '
66 892 325 968 testimonium
349 895 424 964 hoc
448 892 671 966 sententiam
695 894 800 967 suam
824 912 1012 966 tueantur.
1066 899 1156 987 Spe-

66 1014 174 1069 ctant
197 998 273 1067 huc
297 1012 440 1091 praeter
463 1013 690 1079 memorata,
715 997 786 1067 alia
807 1003 961 1068 Patrum
979 991 1158 1067 Ecclesiae

63 1114 317 1171 monumenta
336 1097 556 1167 catechetica
579 1113 689 1192 atque
702 1096 743 1167 in
762 1097 821 1170 his
839 1096 950 1169 sunt:

172 1236 380 1303 Gnuconrr
405 1233 586 1303 Naziauz·
613 1230 743 1303 Oratio
760 1236 800 1318 εἷς
821 1234 859 1305 τὸ
878 1231 966 1322 ἅγιον
981 1228 1160 1325 βάπτισμα,

29 1392 35 1399 .
66 1331 107 1403 in
120 1325 523 1432 sarrctuucBaptisma‚
549 1333 589 1402 in
611 1336 720 1429 Opcr.
738 1337 813 1405 eius
836 1339 948 1406 Tom.
964 1338 993 1405 1.
1015 1360 1051 1429 p.
1070 1334 1159 1407 637.
1259 1324 1267 1341 ’

64 1440 160 1505 Non
177 1457 329 1505 omnem
353 1434 504 1527 quidem
522 1434 731 1506 doctrinam
749 1434 1012 1508 catecheticam
1029 1435 1160 1520 tradit,

65 1530 210 1622 iliustre
224 1552 350 1605 tamen
369 1535 470 1607 illius
488 1554 600 1631 caput
621 1535 665 1608 de
681 1536 876 1632 Baptismo
896 1534 1027 1607 diserte
1043 1559 1161 1629 expo·

65 1636 148 1720 nit,
184 1660 225 1706 ac
251 1632 447 1730 postquqm
474 1633 715 1722 monstravit,
743 1654 883 1733 quanta
904 1633 950 1709 sit
974 1632 1161 1730 Baptismi

66 1730 309 1833 praestantia,
338 1760 450 1831 quam
476 1762 660 1834 magnum
686 1737 911 1810 beneficium
939 1741 1069 1808 aDeo
1092 1760 1161 1831 per

67 1837 239 1909 illumin
256 1862 329 1909 nos
345 1836 572 1923 conseratur,
600 1840 838 1933 deBaptisnri
857 1833 1065 1909 differentia
1081 1836 1163 1932 agit

68 1936 222 2035 ecquid
241 1936 285 2008 de
307 1962 348 2009 ea
367 1934 604 2011 statuendum
625 1936 687 2025 sit,
715 1957 871 2011 enarrat.
923 1937 1165 2033 Baptismum

67 2065 153 2113 non
178 2037 245 2111 essa
262 2035 510 2111 disserendum
528 2041 659 2125 docet,
685 2041 856 2135 hancque
876 2037 1097 2123 sententiam
1115 2036 1163 2111 ab

68 2142 131 2227 iic,
158 2165 253 2236 quae
270 2140 416 2236 opponi
432 2159 618 2236 poterant,
645 2139 825 2213 defendit.
877 2137 1045 2211 Infantes
1058 2138 1161 2210 sacro

68 2242 182 2317 fonte
204 2242 412 2314 abluendos
435 2240 502 2315 esse
528 2239 706 2327 affirmat,
731 2244 784 2313 ita
810 2260 955 2325 tamen,
983 2238 1010 2310 sr
1035 2238 1077 2309 id
1099 2264 1167 2335 pe·

60 2344 234 2418 ·ricalum
254 2360 393 2441 urgeat.
434 2341 628 2440 Proposita
646 2339 881 2438 quaestione:
920 2340 1021 2443 Quid
1037 2352 1166 2410 autem

70 2446 121 2519 de
139 2447 180 2515 iis
202 2444 321 2531 dices,
346 2447 408 2539 qui
429 2445 551 2516 adhuc
575 2459 702 2516 tenera
728 2458 854 2516 aetate
866 2435 983 2545 suat,
1007 2464 1074 2511 nec
1095 2452 1166 2509 aut

72 2546 272 2627 dormtum,
307 2560 374 2615 aut
395 2551 565 2642 gratiam
583 2539 774 2643 scirtium?
806 2572 856 2616 au
875 2568 938 2617 eos
955 2537 1166 2635 baptizabi-

69 2646 187 2721 tuus?
220 2645 735 2741 additresponsionemhancr
760 2636 993 2815 Raptaque,
1008 2632 1046 2740 fi
1089 2640 1167 2715 uod

69 2747 276 2848 periculum
309 2762 455 2845 urgeat.
523 2738 695 2845 Praestat
733 2752 849 2831 errius,
889 2773 912 2815 a
939 2767 1025 2840 sque
1055 2667 1166 2841 sensu

59 2842 296 2951 ſsguficari,
325 2874 438 2942 qttrau
458 2840 533 2944 fine
545 2839 675 2947 figillo
697 2864 732 2923 et
751 2850 945 2920 irritatione
961 2838 1165 2941 abscedere.

71 2956 200 3045 Atque
220 2948 324 3019 huius
342 2953 393 3020 rei
409 2955 506 3021 ratio
524 2950 628 3021 nobis
643 2938 934 3048 estcircumcistO,
952 2948 1011 3017 die
1029 2958 1166 3015 octavo

70 3044 355 3153 peratisolita,
384 3076 479 3146 quae
494 3048 864 3152 Baptismifiguram
885 3045 1165 3143 quodammodo

72 3108 231 3255 geroisat
249 3167 360 3246 atque
380 3155 443 3237 iis,
472 3156 534 3247 qui
549 3156 705 3225 rationis
724 3152 846 3225 adhuc
862 3162 1029 3244 expertes
1046 3157 1166 3229 eraut,

74 3246 312 3355 offerebatur.
365 3256 557 3346 Loquitur
576 3254 688 3325 etiam
705 3253 969 3325 Nazianzenus
988 3247 1167 3317 deExor·

73 3357 196 3429 cismo
217 3354 334 3449 deque
349 3355 460 3426 variis
479 3355 634 3440 ritibus,
663 3382 706 3427 eo
724 3372 895 3447 tompore
911 3351 951 3421 in
968 3347 1166 3443 Baptismo

73 3454 239 3538 usitatis,
265 3480 336 3528 nec
361 3456 476 3526 alium
493 3457 731 3551 Baptisntunr
751 3453 955 3550 approbat,
979 3447 1048 3519 nisi
1066 3472 1166 3531 eum,

73 3558 147 3653 qui
169 3550 234 3628 fiat
259 3557 299 3625 in
322 3557 478 3627 nomino
501 3556 640 3640 Patris,
666 3557 760 3641 trilii
786 3573 822 3626 et
850 3552 1009 3649 Spiritus
1033 3554 1067 3621 S.
1121 3553 1169 3618 In

72 3660 153 3735 fine
170 3658 291 3751 capita
311 3658 495 3752 quaedam
514 3657 602 3732 fidei
620 3656 835 3731 christianae
852 3652 1035 3738 recenset,
1061 3646 1169 3721 abiis

110 3940 138 4008 ⁰)
156 3936 226 3991 via.
250 3936 288 3987 de
312 3938 506 4017 controversia
531 3936 605 3991 hac:
635 3934 794 4026 Fannreun
812 3932 953 4011 Bihlioth.
972 3947 1070 4009 graec.
1089 3928 1170 3990 vtlt,

146 4002 1172 4155 anauassuatur,aastaterama

21 4222 32 4233 .
147 4140 345 4214 ω’[ισὶἱαπιὴ
363 4144 415 4210 est,
432 4145 459 4217 t.
475 4150 503 4205 6.
520 4161 550 4219 p.
568 4146 629 4204 trs.
