2542 4724
397 256 672 327 -Οαιο-ΙΧ.
725 254 849 346 §.82
993 246 997 253 ’
1071 198 1182 337 '517

81 426 250 543 animosi
272 460 361 513 caro
376 441 535 512 Domini
561 434 673 537 nostri
692 436 774 543 Iefir
798 434 929 541 Christi
945 456 982 516 et
999 470 1092 517 unus
1112 474 1174 521 oa·

78 544 135 613 lix
157 545 195 612 in
219 546 401 613 unitatem
412 536 612 643 sanguinis
633 536 751 640 ipfius.
816 549 964 618 Praeter
993 572 1085 619 eunr
1106 574 1173 622 co-

76 642 230 739 piosum
255 639 408 715 effatum
436 645 505 714 hac
529 645 575 715 de
599 670 639 716 re
664 645 980 719 deditlusrruos
999 649 1171 750 Ματέρα.

75 745 276 843 Apologia
290 750 323 815 I.
338 769 408 839 pro
429 736 621 840 Christian.
649 743 683 830 ᾗ.
704 745 767 819 86.
789 773 826 842 p.
849 748 933 821 128.
961 749 1048 819 edit.
1067 757 1173 823 Gna·

76 870 142 917 1³11
168 864 206 917 et
230 844 414 917 confellus
440 842 507 930 est,
536 847 776 932 alimentum,
804 848 909 943 quod
932 847 973 919 in
994 852 1028 921 S.
1048 856 1174 925 Coena

75 946 325 1043 accipiamus,
360 941 441 1047 lesu
464 962 501 1037 et
525 972 674 1018 carnem
697 964 734 1018 ot
747 945 975 1050 sanguinem
998 944 1083 1051 effe,
1111 952 1172 1027 his

73 1047 169 1121 usus
179 1048 321 1121 verbis:
348 1046 429 1139 Οὐχ
447 1046 486 1132 ὡς
509 1055 606 1119 κοινὸν
622 1049 727 1141 ἄρτον.
755 1048 827 1121 οὐδὲ
851 1057 952 1121 κοινὸν
967 1058 1051 1144 πόμα
1066 1060 1174 1127 ταῦτα

70 1150 302 1243 λαμβάνομεν·
334 1152 407 1221 ἄλλ’
431 1149 465 1219 ὃν
487 1152 603 1245 τρόπον
634 1152 684 1221 διὰ
712 1154 811 1244 λόγου
832 1156 913 1221 Θεοῦ
940 1155 1175 1248 σαρκοποαρθεῖς

72 1254 196 1345 ’lusoris
216 1253 344 1345 Χριστὸς
367 1253 502 1343 ὁσωτὴρ
525 1253 632 1345 ἡμῶν,
659 1253 712 1323 καὶ
739 1257 839 1347 σάρκα
856 1259 908 1326 καὶ
924 1254 997 1347 αἷμα
1016 1252 1091 1353 ὑπὲρ
1110 1283 1172 1328 σω·

72 1362 186 1449 analag
210 1354 298 1445 ἡμῶν
316 1354 429 1445 ἔσχεν,
456 1352 550 1439 οὕτως
574 1355 626 1422 καὶ
648 1356 707 1447 τὴν
730 1356 764 1424 δι’
780 1354 883 1446 εὐχῆς
904 1355 1004 1451 λόγου
1028 1364 1089 1427 τοῦ
1102 1362 1173 1453 παρ’

72 1462 182 1527 αὐτοῦ
202 1456 484 1549 ἔυχαριοτνρθοῖσαν
505 1456 647 1549 τροφὴν,
674 1452 713 1537 ἐξ
736 1449 772 1549 ἧς
797 1458 874 1549 αἷμα
889 1458 943 1526 καὶ
960 1456 1066 1552 σάρκας
1087 1460 1173 1533 κατὰ
1240 1538 1243 1543 ,

72 1556 262 1655 μεταβολὴν
279 1562 448 1651 τρέφονται
464 1560 561 1649 ὴμῶν,
580 1558 696 1631 ἐκείνου
713 1566 770 1630 τοῦ
787 1564 1060 1654 οαρκοπαῃθέντος
1078 1565 1176 1654 'latori

73 1660 132 1731 nai
158 1662 257 1757 odona
282 1661 334 1730 noi
364 1661 441 1754 αἷμα
470 1662 677 1753 ἐδιδάχθημεν
707 1658 791 1731 εἶναι.
852 1665 983 1756 Neque
1005 1676 1047 1732 ut
1072 1687 1172 1734 com·

70 1770 228 1835 rnunetn
240 1786 397 1859 ponera,
425 1785 540 1858 neque
556 1776 597 1831 ut
614 1756 844 1834 communem
865 1776 997 1858 potum
1023 1754 1091 1859 ifia
1112 1756 1174 1861 su·

71 1866 234 1950 mimus,
259 1856 330 1963 sed
361 1862 675 1958 quemadmodum
698 1890 764 1959 per
791 1862 957 1935 Verbum
980 1869 1056 1935 Dei
1081 1890 1170 1939 coro

67 1962 207 2064 factus
228 1959 327 2066 lesus
354 1958 513 2060 Christus
540 1964 721 2035 Salvator
748 1956 868 2060 nosler
899 1980 936 2036 et
961 1992 1110 2037 cantem
1135 1980 1173 2039 et

64 2062 298 2167 sarrguinem
322 2065 452 2137 habuit
483 2055 628 2160 nostrae
649 2058 786 2164 salutis
820 2060 956 2162 causor
976 2058 1034 2165 sic
1056 2071 1173 2139 etiam

74 2168 206 2254 illam,
238 2170 275 2238 in
300 2195 374 2263 qun
395 2193 463 2263 per
484 2190 629 2261 precem
651 2158 760 2262 ipfius
781 2164 895 2237 verba
926 2171 1173 2240 continentem

72 2272 230 2371 gratiae
255 2284 364 2340 actae
382 2264 495 2370 sient,
524 2267 761 2352 alimoniam,
789 2292 835 2337 erc
859 2294 933 2363 qua
952 2262 1113 2368 sanguis
1135 2282 1175 2339 et

75 2396 209 2463 camos
238 2361 384 2466 nostroe
407 2397 475 2465 per
503 2370 748 2439 mutationem
777 2371 948 2452 aluntur,
987 2372 1175 2441 incarnati

74 2474 176 2545 illius
191 2466 271 2589 Iesu
288 2486 324 2543 et
342 2498 491 2542 carnem
511 2485 547 2541 et
562 2464 791 2571 sanguinem
808 2462 873 2571 effe
895 2471 1015 2541 edocti
1028 2464 1170 2571 satiares.

72 2574 254 2671 Inprimrs
277 2580 486 2645 laruatus
506 2573 736 2656 luculenter,
762 2598 832 2642 nec
856 2570 968 2642 semel
991 2596 1032 2643 ea
1057 2571 1102 2643 de
1118 2573 1174 2643 sa·

76 2692 273 2750 eramento
293 2676 368 2746 hoc
385 2674 536 2759 docuit,
562 2696 656 2767 quae
672 2672 772 2767 ipsae
797 2672 915 2744 sacrae
937 2673 1082 2744 litterae
1099 2698 1174 2745 no·
1259 2748 1267 2757 ,

74 2775 136 2849 bis
163 2775 210 2847 de
232 2772 300 2849 isto
329 2776 494 2847 tradunt.
547 2773 742 2846 lateralia
769 2773 860 2845 dicit
884 2771 983 2846 Libr.
1001 2778 1069 2843 IV
1083 2776 1170 2853 adv.

74 2870 230 2977 Horres
256 2884 343 2974 Cap.
363 2877 421 2950 al.
442 2902 479 2975 p.
500 2876 586 2948 327.
611 2873 699 2948 edit.
718 2880 890 2947 Garun:
915 2872 1113 2971 Εὖχαριοτία
1136 2878 1173 2947 ἐκ

76 2978 136 3051 δύο
162 2980 352 3073 πραγμάτων
376 2983 590 3069 enarmonico,
618 2978 752 3067 ἐπιγείου
774 3005 810 3048 rr
834 2978 887 3046 noi
910 2974 1067 3073 οὐρανίου,
1094 2983 1173 3049 Ea·

76 3072 252 3177 charistia
278 3107 324 3153 ero
354 3078 497 3149 duabus
520 3077 627 3151 rebus
653 3070 842 3176 constans,
869 3092 1015 3149 terreno
1033 3093 1069 3150 et
1091 3104 1173 3151 cae·

78 3172 178 3281 lefti,
215 3184 350 3280 quibus
381 3182 504 3253 verbis
533 3178 704 3251 doctrina
732 3176 1172 3253 Transsubstantiationis

75 3302 208 3381 aperte
230 3282 414 3357 refellitur
433 3301 470 3354 et
487 3307 581 3379 quae
596 3282 914 3379 Evangelicorum
933 3278 982 3353 est
1001 3282 1174 3355 doctrina

76 3386 335 3461 confirmatur.
396 3390 466 3456 Per
496 3408 577 3455 rem
608 3398 792 3453 terrenam
819 3384 918 3453 enim
943 3389 1083 3455 Panem
1110 3383 1176 3454 vi-

72 3512 265 3585 numque;
299 3514 366 3581 per
390 3478 578 3580 caelestem
603 3490 904 3581 autem-Corpus
927 3484 1175 3585 Sanguinem-

75 3612 153 3687 que
170 3584 301 3661 Christi
324 3588 502 3683 intelligit
519 3604 631 3682 atquo
646 3586 698 3677 ita
715 3587 911 3681 utriusque
928 3586 1175 3681 praesentiam

74 3690 232 3763 indicat.
267 3688 322 3761 Cf.
340 3688 424 3761 Lib.
443 3694 485 3759 V.
509 3686 554 3761 C.
571 3690 608 3759 l.
627 3686 661 3763 5.
717 3688 858 3759 Similia
878 3686 1086 3760 testimonia
1101 3709 1175 3759 no·

74 3792 136 3865 bis
161 3791 339 3888 praebent
364 3808 401 3861 et
426 3790 489 3859 alii
517 3789 741 3884 antiquioris
766 3788 944 3864 Ecclesiae
969 3794 1170 3862 Doctores.

74 3900 183 3993 Quae
208 3898 511 3965 Taurunum
543 3889 589 3961 de
618 3896 653 3961 S.
680 3898 804 3962 Coena
836 3888 952 3965 fuerit
980 3889 1172 3973 sententia,

72 4020 126 4067 ex
149 3994 228 4066 eius
250 3992 356 4064 libris
379 4016 461 4063 non
483 3990 569 4063 satis
591 3991 739 4089 liquido
760 3989 916 4069 conliat.
932 3987 970 4084 *J
1020 3996 1174 4064 Oaros·

107 4186 142 4253 o)
161 4181 230 4243 Via.
248 4184 283 4240 Α.
302 4182 447 4241 Nimia
469 4177 678 4239 Tertullianus
694 4196 723 4255 p·
741 4184 802 4239 517.
