2542 4724
351 210 655 379 ‘crevi
709 238 832 369 §.aa
1092 280 1166 358 aea

54 458 278 558 probabiles
299 457 433 533 modo.
501 461 656 535 Crit'eria
679 465 828 537 interna
852 466 1075 563 plerumque
1101 494 1179 541 ex··

56 564 175 636 ternis
193 562 356 635 certiora
374 562 479 648 sunt,
513 581 551 635 et
568 565 668 636 inter
692 567 837 639 criteria
859 585 1009 639 externa
1031 560 1185 642 auctos

55 690 142 737 mm
168 659 434 743 testimonium
458 664 665 761 expressum
688 665 933 741 fortissimum
958 665 1018 742 est.
1071 673 1169 744 Dici·

56 783 189 838 umen
202 764 247 835 id
260 764 302 837 in
321 763 466 836 summa
485 763 617 863 potest,
646 769 774 840 omnia
796 771 941 844 criteria
958 795 1063 843 nunc
1079 799 1157 844 ma·
1177 812 1181 817 ·

56 870 111 1041 pir
135 891 249 939 nunc
272 865 399 938 minus
421 863 490 938 else
522 866 812 943 demonstrativa
842 889 908 944 aut
932 873 1156 968 probabilia,
1193 960 1196 965 ι

72 992 349 1064 upremamque
374 972 550 1066 regulam
571 995 591 1042 a
613 972 757 1043 iudicio
784 975 981 1069 aequitatis
1008 992 1045 1047 et
1069 1002 1158 1071 pru·
1252 985 1258 1035 ἶ

58 1070 208 1143 dentiae
226 1070 327 1161 peti,
353 1070 402 1140 'ad
420 1072 529 1164 quod
545 1072 711 1145 rationes
728 1075 841 1147 huius
861 1093 898 1146 et
916 1076 1019 1148 illius
1039 1077 1158 1173 partis¹

56 1171 340 1269 ponderantur,
382 1173 539 1267 quando
576 1199 709 1266 omnes
739 1173 891 1247 infimul
917 1177 1155 1255 coniecturae

57 1298 121 1370 pro
142 1290 187 1347 et
202 1288 336 1345 contra
354 1272 395 1344 in
413 1299 535 1346 unum
552 1274 805 1373 colliguntur:
841 1277 946 1373 saepe
971 1278 1072 1350 enim
1099 1304 1156 1351 ao-

59 1375 169 1461 cidit,
207 1390 256 1446 ut
281 1374 520 1446 coniecturae
551 1370 719 1473 singulae
750 1379 947 1475 separatim
976 1378 1157 1475 spectatae

58 1476 156 1549 haud
174 1474 310 1575 magni
323 1477 513 1547 momenti
529 1478 747 1565 videantur,
776 1505 871 1575 quae
886 1480 1002 1576 ipsae,
1029 1480 1057 1553 fi
1076 1474 1172 1552 om?

59 1602 117 1651 nea
135 1575 256 1651 simul
272 1577 373 1648 inter
390 1576 426 1648 se
444 1579 681 1652 combinatae
707 1584 1008 1683 coniungantur,
1047 1582 1155 1655 certi·

61 1679 236 1755 tudinem
249 1679 306 1753 rei
318 1681 501 1753 moralem
517 1682 736 1777 praebent.“

544 1924 579 2011 a.
617 1918 679 1994 tu.
729 1984 733 1989 ,

158 2082 351 2176 Caussae,
380 2111 450 2161 cur
469 2086 625 2186 Scripta
639 2091 804 2164 Petrum
825 2087 1024 2165 Ecclesrae
1047 2085 1153 2164 fallis

59 2188 302 2265 Auctoribus
329 2187 476 2262 tributa
499 2188 730 2286 horumque
762 2189 997 2266 nominibus
1022 2190 1067 2263 in
1090 2189 1153 2289 ¹¹¹7

59 2317 142 2367 cem
164 2285 304 2364 emissa
323 2287 418 2378 sint,
455 2287 601 2362 diversi
624 2287 716 2364 sunt
741 2293 921 2392 generis:
958 2286 1153 2363 differunt

10 2398 14 2469 l
59 2394 165 2467 euim
180 2392 290 2465 inter
308 2389 369 2481 se,
406 2390 475 2487 qui
500 2389 618 2492 culpa
643 2389 925 2495 suppositionis
949 2391 1018 2465 vel
1040 2389 1152 2464 udul-

57 2492 265 2568 terationis
284 2507 493 2581 tenentur,
521 2490 749 2568 fimrimum
775 2493 825 2568 ad
852 2491 953 2568 sines
981 2489 1151 2565 attendi-

56 2619 169 2683 ωιιε,
197 2617 303 2691 quos
325 2591 447 2667 istiin
463 2593 599 2683 libris,
624 2590 723 2669 falso
741 2593 1028 2681 manumetis,
1055 2618 1150 2692 pro-

56 2692 206 2797 politos
224 2692 455 2767 habueruut
517 2696 598 2798 Qui
620 2698 748 2770 malae
771 2697 919 2771 mentis
943 2694 1072 2770 studia
1094 2688 1152 2766 se·
1240 2750 1243 2755 .

56 2811 251 2895 quntum,
271 2818 415 2868 eorum
433 2794 515 2884 duo
536 2797 711 2871 maxime
734 2824 882 2897 genera
900 2796 999 2873 sunt.
1033 2796 1151 2871 Non·

55 2897 163 2973 nulli
184 2894 229 2969 id
251 2910 410 2970 tantum
432 2895 699 2986 meditantur,
727 2914 773 2972 ut
798 2901 884 2973 aliis
909 2896 1082 2971 illudant
1106 2920 1151 2967 ac

55 2996 202 3073 sucum
222 2992 373 3071 faciant
398 3014 437 3071 et
460 2996 531 3070 ubi
554 3000 633 3074 hoe
652 2994 742 3089 fiat,
772 3026 820 3072 ex
846 2995 1151 3101 eoperve1·saur

53 3098 309 3199 voluptatem
333 3098 499 3198 capiant.
560 3103 734 3175 Sumunt
757 3099 848 3190 srbi,
888 3125 1039 3198 nugas,
1077 3123 1150 3198 per
1223 3156 1226 3162 ,

55 3202 193 3277 iocum
211 3196 265 3273 ad
279 3197 503 3274 ludibrium
520 3198 726 3289 confictas,
749 3201 769 3275 s
794 3200 968 3276 leudidis
984 3198 1150 3297 inscrip-

56 3300 237 3381 tionibus
278 3296 497 3390 adornare,
549 3304 617 3376 vel
657 3231 898 3378 iusullbrunt
934 3300 1152 3376 bominum
1216 3372 1220 3381 ,

56 3417 288 3479 commenta
309 3401 477 3477 nomine
499 3428 544 3477 ac
563 3404 680 3479 titulo
701 3408 941 3479 Sanctorum
957 3402 1150 3497 Virorum
1243 3410 1259 3469 “,

56 3500 320 3579 disseminare.
382 3504 482 3593 Alii,
517 3504 659 3579 itidem
684 3505 815 3581 bonae
839 3503 986 3580 mentis
1013 3527 1151 3601 exper-

56 3622 137 3697 tes,
171 3603 220 3679 id
233 3601 307 3679 srbi
320 3604 572 3705 propositum
586 3606 754 3694 habent,
790 3623 836 3681 ut
856 3631 929 3707 per
956 3601 1068 3677 fictas
1090 3603 1152 3675 in·

56 3704 128 3783 scri
159 3707 294 3781 tiones
313 3706 538 3796 erroribus,
565 3707 762 3811 perversis
785 3705 1061 3809 opinionibus,
1089 3701 1173 3775 su·-

56 3734 360 3910 perditiouibus
383 3806 463 3882 suis
485 3811 763 3907 auctoritatem
785 3808 1003 3885 concilient
1026 3832 1070 3879 ac
1088 3828 1152 3879 re·

56 3926 118 3985 cte
136 3906 286 3985 sentire
303 3906 531 3983 videantur.
584 3911 666 4014 Qui
682 3909 815 3986 bonos
832 3908 871 3985 se
886 3907 1082 4010 praebent
1098 3919 1153 3977 at·
1219 3904 1223 3915 '

54 4037 135 4109 que
154 4010 346 4085 amalitia
362 4007 586 4107 fraudeque
604 4011 725 4085 alieni
741 4010 844 4098 sunt,
866 4008 1057 4085 falsorum
1079 4010 1154 4079 clu·
1244 4078 1250 4089 Ι

10 4190 16 4199 ,
56 4130 218 4189 ctorum
232 4112 403 4187 uomina
418 4113 459 4186 in
479 4112 603 4191 titulis
622 4110 872 4203 adscribunt,
900 4111 1022 4191 variis
1048 4104 1155 4181 cans·
