2542 4724
393 272 490 365 ξολ
517 293 555 346 a.
591 275 658 350 XI.
714 267 752 358 5·
779 270 867 347 113.
1092 218 1177 355 Ι639Ι

72 472 243 549 omnium
271 461 356 566 fere
383 456 668 534 Haeretiooram
696 454 896 532 machinae
923 449 1176 558 destruantur:

71 576 540 653 Neocnarsosaomam
565 560 1100 658 odlooumhunoportinere,
1126 588 1176 641 ex

73 700 124 751 eo
141 672 306 765 evidens,
333 668 422 764 quia
437 664 678 743 Homiliaida
695 659 890 762 Syvnbolo,
918 688 966 737 ex
985 690 1059 761 qua
1075 662 1176 740 testi.

73 775 252 851 monium
276 771 456 853 sumitur,
474 790 567 838 ‘non
591 760 641 838 est
666 760 941 858 chrysostomi,
977 765 1042 839 sed
1064 767 1175 864 quod

70 883 198 953 Boua
233 852 311 971 ipio
340 869 503 955 fatetur,
541 858 742 963 Scriptoris¹
772 865 890 938 latini.
951 867 1008 940 Ao
1040 882 1175 965 quam·

74 980 137 1053 vio
179 976 245 1051 ille
283 968 590 1068 explanatoribus
623 968 797 1061 Symboli
830 966 1029 1064 apostolici
1059 971 1179 1047 etiam·

73 1082 376 1156 Arnaaaswm
408 1073 457 1144 ob
476 1062 684 1167 Epistolam
708 1070 788 1142 eius
815 1070 868 1141 ad
888 1072 1088 1143 Iovianum
1106 1095 1174 1145 an·

74 1196 268 1264 numeret,
304 1201 374 1246 neo
402 1173 434 1246 is
458 1191 585 1244 tamen
610 1174 741 1243 locum
771 1171 875 1244 huno
905 1172 1004 1245 tueri
1035 1169 1172 1268 potest.

72 1286 179 1357 Haeo
195 1279 296 1354 enim
312 1265 482 1372 Epistola
500 1297 582 1345 non
597 1273 645 1345 ad
662 1269 929 1372 apostolicum,
955 1277 1020 1355 sed
1038 1281 1087 1355 ad
1101 1280 1173 1356 Ni.

75 1408 236 1459 coenum
256 1379 483 1474 Symbolum
505 1376 656 1473 spectat.

177 1536 239 1610 Ad
264 1532 487 1637 Symbolum
508 1535 719 1606 Nicaenam
743 1522 995 1615 enarrandum
1023 1559 1061 1615 et
1081 1543 1173 1619 illu-

75 1637 269 1717 strandum
299 1638 366 1735 qui
390 1661 543 1731 operam
574 1635 784 1725 adhiberet,
817 1630 947 1715 nullae
970 1639 1049 1717 fere
1070 1644 1173 1721 inter

75 1748 204 1816 Patres
220 1738 312 1813 sacri
322 1736 475 1811 „ordinis
497 1736 591 1822 fuit,
615 1740 768 1811 nullum
784 1739 915 1814 saltem
932 1767 1067 1817 eorum
1083 1747 1173 1821 sori·

76 1860 210 1942 ptum,
243 1840 350 1937 quod
379 1837 652 1934 expositionem
676 1839 767 1910 dicti
789 1842 964 1933 symboli
986 1846 1173 1938 exhibeat,
1258 1924 1265 1939 ,

77 1941 421 2043 quantumscimus,
446 1939 590 2035 prodiit
609 1957 646 2010 et
662 1940 1092 2022 adnostranslatumest.
1125 1956 1174 2025 In

75 2046 209 2144 paullo
234 2061 322 2114 ante
345 2058 553 2113 memorata
569 2030 739 2137 Epistola
754 2036 954 2140 Athaaafii
978 2048 1029 2117 ad
1043 2042 1175 2124 Iooia·

77 2172 170 2219 num
184 2147 337 2217 Tom.1.
360 2146 470 2238 Oper.
488 2169 524 2239 p.
534 2139 620 2215 245.
640 2141 728 2215 sunt
741 2147 944 2233 nonnulla,
955 2172 1051 2243 quae
1060 2156 1173 2244 Sym.

78 2247 174 2322 bolo
189 2247 357 2319 Nicaeno
378 2246 501 2317 lucem
519 2238 689 2316 offerunt.
744 2245 846 2317 Addi
864 2265 901 2343 ot
924 2247 1046 2344 potest
1063 2253 1174 2329 Eius·
1197 2265 1200 2271 '

79 2349 168 2423 dem
182 2353 253 2445 Ep.
273 2348 325 2419 ad
341 2338 565 2441 Epictetum,
586 2342 991 2449 Corinthiorum'Episc.
1015 2356 1123 2428 Tom.
1137 2357 1172 2431 1.

81 2452 195 2547 Oper.
207 2475 246 2545 p.
258 2446 342 2523 581.
360 2467 397 2519 et
413 2448 512 2542 apud
523 2443 975 2545 Emonmumlioeres.
985 2458 1174 2533 LXXVII.

78 2550 235 2650 p.997.,
255 2551 401 2644 aliaque
416 2549 455 2619 in
472 2548 627 2644 reliquis
637 2548 826 2621 Athonafii
843 2550 987 2647 scriptis
1006 2558 1176 2651 reperiri,

79 2676 178 2750 quae
192 2651 380 2744 Symbolo
398 2651 566 2722 Nicaeno
591 2652 716 2721 lucem
733 2650 953 2755 praebeantt
977 2652 1088 2730 facile
1103 2683 1175 2732 no·

77 2754 139 2827 bio
156 2751 374 2851 persuadere
391 2753 489 2823 licet.
531 2747 657 2823 Exstat
674 2776 829 2847 quoque
846 2759 1079 2830 Tuaonon
1093 2764 1176 2833 An.

79 2856 214 2955 cyrani
237 2844 429 2952 Exposttio
454 2849 628 2954 Symboli
650 2857 876 2925 sanctorum
896 2859 1077 2930 CCCXV
1097 2866 1175 2935 Pa.

78 2972 184 3029 trum
194 2956 348 3027 Concilii
357 2954 525 3040 Nicaeni,
544 2981 598 3054 gr.
610 2980 652 3026 ao
664 2956 728 3027 lat.
741 2955 1175 3055 editainterpreteLucA

77 3062 362 3140 Hammo,
387 3060 532 3128 Romae
549 3054 659 3129 1660.
684 3057 734 3141 8.,
761 3080 834 3151 qua
857 3076 984 3132 autem
1002 3066 1176 3140 contine·

77 3176 145 3232 tur
167 3156 381 3231 confutatio
406 3153 597 3229 Nestorii*
639 3162 735 3231 Eam
758 3158 808 3231 ob
836 3157 1018 3250 caussam,
1054 3191 1176 3263 quum

77 3266 241 3335 Fame.
260 3263 552 3331 Comamszas
579 3258 684 3332 illam
709 3260 848 3333 iterum
866 3259 907 3332 in
924 3263 1047 3338 lucem
1066 3272 1176 3342 emit.

76 3379 196 3447 toret,
235 3361 412 3456 inscripta
445 3356 511 3432 ista
543 3358 637 3433 fuit:
681 3360 762 3432 Lib.
789 3363 881 3433 cado.¹
901 3356 1114 3460 Nestorium
1145 3373 1174 3446 s.

76 3452 242 3555 Nestorii
258 3488 304 3534 εκ
320 3466 514 3575 Scriptura
530 3476 566 3532 et
581 3464 671 3537 Fide
689 3463 843 3535 Concilii
858 3467 1018 3541 Nicaeai
1042 3472 1175 3575 confa-

77 3566 198 3651 tatio,
225 3563 437 3638 Par.1675.
460 3564 496 3637 8.
515 3562 554 3655 *)

181 3722 228 3792 In
253 3720 385 3794 locum
411 3746 545 3793 eorum
569 3719 814 3816 scriptorum,
842 3747 938 3820 quae
960 3751 980 3798 a
999 3725 1174 3807 Patribus

75 3818 182 3895 haud
207 3821 414 3919 compofita
429 3823 574 3895 sunt'ao
591 3823 727 3918 quibus
744 3848 849 3897 nuno
863 3848 1051 3920 caremus,
1080 3860 1176 3931 quo.

75 3992 292 4011 μ

110 4076 351 4221 Ἥνῖἓοῦιιὲ
368 4078 464 4141 Liba
488 4078 540 4137 hio
557 4082 591 4140 ia
608 4059 742 4139 Maxim.
760 4083 894 4143 Patrum
911 4079 1052 4143 ailiam
1068 4082 1176 4157 Lnga.
