2542 4724
139 270 217 351 748
260 364 264 373 1
449 271 485 363 C
511 292 536 343 a
563 292 600 343 a.
635 274 732 346 xtv.
782 268 819 359 §.
846 264 933 359 134.

142 490 165 539 e
190 461 410 558 corporibus
436 454 673 541 discesserint,
700 456 841 551 ubique
870 454 938 530 effe
962 452 1118 545 statuit,
1150 458 1226 555 pri·

141 582 227 663 pter
249 565 435 637 rationem
460 561 544 631 satis
569 558 746 657 frigidam
769 576 882 652 atque
908 559 1095 655 ineptam.
1156 568 1228 633 ttae

143 666 246 739 enim
263 664 383 735 utitur
399 662 688 733 ratiocinatione
712 661 797 743 ada.
819 661 1081 757 Vigilantiam
1102 666 1146 733 Τ.
1164 666 1228 733 tr.

147 770 259 860 Oper.
275 769 380 837 Part.
391 765 426 833 2.
447 788 483 856 p.
494 762 598 833 283.:
624 766 835 853 Sequuntur
851 786 1008 859 agnum,
1028 786 1231 859 quoquum-

143 890 215 961 que
239 866 355 935 vadit.
415 866 454 933 Si
479 887 600 959 agnus
622 860 770 956 nhiqne,
798 885 889 957 ergo
914 878 949 933 et
975 863 1038 946 hi,
1068 869 1232 959 quicum

146 960 367 1065 agnosunt,
395 961 526 1057 ubique
543 956 608 1062 effe
626 962 794 1037 credendi
804 956 901 1061 sarit.
941 962 1126 1037 -Dissiciie
1140 990 1231 1061 prae·

144 1086 244 1139 terea
259 1063 327 1149 est,
353 1090 440 1135 eum
464 1066 614 1155 penitus
639 1063 828 1135 absolvere
853 1066 1012 1152 erroris,
1039 1090 1124 1159 quo
1143 1066 1232 1137 affir-

144 1186 291 1251 matur,
316 1165 575 1237 conditionem
591 1164 834 1237 sacerdotum
854 1164 904 1237 ad
920 1165 1002 1236 vim
1019 1172 1232 1239 Sacramen-

145 1286 276 1343 torum
293 1266 437 1361 aliquid
449 1258 587 1339 afferre.
639 1270 737 1337 Euut
765 1264 810 1337 ab
836 1262 905 1335 isto
924 1266 1029 1337 haud
1048 1270 1172 1367 louge
1186 1292 1232 1340 te·

144 1385 298 1443 motum
314 1366 440 1451 fuitie,
469 1392 513 1437 ex
537 1366 595 1439 his
620 1367 699 1437 eius
724 1364 846 1439 verbis
872 1370 1088 1441 Corrrment.
1113 1374 1151 1441 in
1173 1373 1232 1441 Sa-

143 1469 258 1567 phou.
271 1468 361 1563 Cap.
372 1469 444 1539 111.
466 1472 571 1539 Tom.
584 1472 659 1569 ιΙΙΙ.
672 1469 783 1561 Opcr.
797 1492 834 1561 p.
847 1466 956 1540 1671.
975 1470 1233 1568 colligendum

146 1567 215 1643 est:
247 1570 477 1653 Sacerdotes,
503 1571 565 1662 qui
579 1558 829 1661 Eucharistiae
841 1563 1007 1663 seruiunt
1026 1584 1068 1641 et
1076 1562 1233 1671 sangui·

144 1696 230 1747 nem
254 1673 410 1743 Domini
428 1668 576 1764 populis
601 1671 674 1743 eius
699 1670 881 1755 dividunt,
916 1674 1031 1767 impie
1057 1676 1232 1771 agurttiu

145 1773 268 1869 legent
292 1762 442 1868 Christi,
465 1785 662 1865 putantes,
686 1766 888 1865 εὐχαριστίαν
910 1773 1159 1868 imprecantis
1177 1772 1232 1869 [tt-

145 1896 225 1945 cere
248 1870 382 1957 verba,
416 1896 491 1945 nou
512 1874 650 1957 vitatu,
678 1887 714 1944 et
736 1864 970 1973 neceffariaru
993 1866 1066 1975 effe
1092 1867 1233 1947 tantum

134 1968 341 2077 solemnem
358 1977 565 2047 orationem
581 1988 618 2047 et
633 1998 707 2045 non
715 1975 959 2047 Sacerdotem
969 1979 1125 2051 ruerita.
1173 1976 1231 2049 Hi·

144 2070 297 2153 l'toriam
318 2076 363 2147 de
391 2074 560 2147 Simsone
578 2072 755 2169 sahulem
777 2076 938 2171 appellet
965 2078 1231 2149 contrahentia

144 2166 261 2271 Epist.
281 2176 332 2249 ad
348 2175 552 2251 Philemon.
575 2180 680 2251 Tam.
695 2178 771 2248 IV.
792 2176 899 2272 Oper.
914 2180 1026 2249 Part.
1044 2184 1080 2249 Ι.
1099 2206 1137 2273 p.
1153 2176 1228 2253 tte

146 2276 202 2349 cf.
222 2302 318 2372 quae
335 2279 380 2349 de
398 2277 642 2361 detrimentis,
667 2277 837 2350 moribus
859 2296 896 2350 et
915 2276 1229 2367 virtutichrihit·

143 2400 217 2451 nae
237 2404 303 2473 per
318 2380 597 2471 Hieronymum
621 2379 762 2464 allatis,
787 2403 959 2452 necnon
980 2380 1028 2453 de
1045 2380 1227 2457 sententiis

146 2479 227 2553 eius
248 2480 472 2578 dogmaticis
497 2480 643 2578 egregie
665 2480 1226 2575 disputavitEneeusrorrin

143 2584 368 2679 ldieronymi
385 2582 549 2652 Stridon.
566 2586 658 2653 sect.
673 2586 752 2654 VII.
1158 2664 1161 2669 ¹

245 2687 550 2765 Anausrrnns,
575 2682 642 2778 qui
656 2684 775 2757 varies
791 2684 991 2757 sententies
1009 2686 1169 2760 tradidit
1181 2702 1223 2757 u·

144 2809 219 2879 que
237 2785 480 2879 approbavit,
507 2808 587 2855 non
605 2808 735 2869 amnes
757 2804 882 2859 autem
897 2811 1006 2859 veras
1030 2808 1221 2885 rectasque

143 2886 320 2980 Princeps
338 2887 416 2959 eius
432 2910 602 2959 errorum
618 2886 758 2982 spectat
774 2889 820 2959 ad
838 2887 1056 2963 doctrinam
1074 2890 1221 2964 dePrae·

76 3036 90 3055 .
143 2976 384 3081 destinatione
408 3010 453 3057 ac
470 2990 617 3061 Gratia.
671 2994 797 3084 Quum
819 2989 1118 3087 Pelagianorum
1138 3012 1222 3065 eno·

142 3087 246 3159 ribus
263 3086 299 3161 se
316 3107 542 3184 opponeret,
565 3114 635 3161 nec
656 3089 698 3161 in
720 3090 973 3163 controvertia
990 3092 1066 3165 hac
1084 3112 1221 3165 omnem

144 3189 359 3263 cautionem
391 3190 768 3287 moderationemque
800 3190 1017 3276 adhiberet,
1064 3192 1219 3290 contigit.

141 3305 187 3358 ut
203 3289 280 3384 ipse
296 3317 316 3362 a
336 3309 434 3364 recta
450 3292 510 3363 via
528 3291 729 3365 declinaret
744 3310 855 3389 atque
873 3318 914 3365 ea
928 3292 1120 3381 traderet,
1142 3312 1220 3389 quet

141 3414 162 3461 a
182 3390 352 3463 doctrina
367 3389 803 3479 Praedcstinatianorum,
826 3396 1154 3489 quemadmodum
1166 3416 1221 3467 ta·

142 3509 287 3576 cantur,
311 3518 394 3565 nou
410 3496 526 3595 longe
545 3493 632 3565 sunt
645 3493 776 3568 aliena.
820 3496 967 3569 Gratiae
982 3496 1138 3569 divinae
1153 3518 1220 3567 em·

139 3594 204 3667 uia
230 3594 363 3665 tribuit
390 3614 501 3690 atque
523 3594 707 3682 affirmat,
740 3596 845 3694 quod
866 3594 942 3671 hue
965 3595 1035 3669 ista
1052 3624 1125 3671 nec
1144 3596 1218 3671 fidet

142 3695 268 3793 gigni,
294 3720 364 3767 nec
389 3722 501 3790 opera
516 3703 601 3769 Deo
619 3716 723 3797 grata
744 3715 856 3793 atque
870 3717 1025 3794 accepta
1045 3720 1112 3773 aut
1128 3696 1218 3771 suici-

142 3798 202 3891 pi,
237 3815 303 3867 aut
324 3791 454 3892 perfici
475 3814 624 3894 queant.
691 3806 747 3871 Ita
777 3816 875 3871 recte
897 3794 1035 3885 sentit,
1070 3796 1217 3875 fimodo

141 3898 219 3973 ltoc
242 3900 313 3969 rite
338 3899 580 3997 intelligatur.
635 3906 762 3997 Quum
785 3918 912 3973 autem
938 3904 1103 3999 gratiam
1119 3896 1219 3999 perse

143 4016 222 4072 tam
241 3997 421 4073 efficacem
442 4000 520 4087 effe,
547 3998 693 4085 statuit,
719 4018 764 4073 ut
778 4027 845 4096 per
859 4030 941 4075 eam
959 4004 1139 4075 homines
1155 4023 1217 4072 non

142 4096 281 4199 poffiut
302 4128 384 4181 non
409 4104 456 4177 ad
482 4102 823 4227 Deumucouvarti,
851 4130 1012 4205 eamque
1033 4106 1168 4204 pariter
1185 4124 1215 4172 u·
