2542 4724
113 273 234 356 aaa.
391 258 518 349 'or
544 292 583 346 a.
611 249 710 343 xn.
746 214 795 389 ὶεζ-
820 266 910 349 raa.

11 522 13 529 -
109 468 252 541 'tamen
275 468 359 534 no'n
383 481 517 531 omnes
544 455 630 528 satia
654 470 752 527 certa
777 476 821 526 aa
842 450 1044 550 perspicua
1060 457 1228 554 exempla

121 565 315 667 praebere,
332 556 678 642 sacilevidebimua,
695 554 812 626 [irem
829 574 1004 628 accurate
1024 559 1229 653 expendere

125 667 303 742 velimus.
353 665 456 731 Inter
472 682 549 744 eos,
568 658 634 753 qui
650 682 739 729 cum
753 656 836 728 iure
858 658 1048 730 hocloco
1066 684 1229 733 comme·

62 770 70 851 ,’
126 766 271 842 morari
294 761 444 846 debent,
475 760 649 853 princeps
674 753 723 851 ese
745 759 1049 845 Auous‘crnus,
1078 761 1151 855 qui
1174 758 1230 833 fibi

125 870 230 940 hunc
261 866 403 935 locum'
432 859 524 932 fecit
556 860 662 931 libris
686 858 854 930 ‘duobus
885 858 1229 947 Retractationum,

77 1032 80 1037 .
129 968 268 1065 quibu'a
303 954 519 1057 exemplum
555 960 601 1031 de
636 958 672 1031 se
700 959 854 1055 reliquit
881 959 1135 1035 admirandae
1158 982 1232 1035 tum

130 1065 352 1165 prudentiae
367 1081 450 1133 tum
469 1059 788 1145 mansuetudinis,
806 1060 913 1155 quod
926 1065 974 1131 ad
990 1063 1232 1160 hoc-tempu

130 1191 245 1241 nomo
271 1164 442 1237 imitatae
469 1158 529 1234 est.
582 1162 705 1233 Priori
727 1161 826 1232 libro
847 1186 889 1233 ea
908 1163 1099 1258 opuscula
1117 1191 1232 1239 recen-

130 1269 276 1350 sentur,
295 1290 392 1359 quae
407 1261 639 1363 Augustinus
656 1262 892 1358 composuit,
916 1288 1041 1359 quum
1059 1267 1234 1339 nondum

134 1366 221 1441 esset
247 1366 477 1460 Episcopus,
509 1365 568 1435 uti
592 1363 697 1435 sunt:
726 1366 868 1455 Contra
891 1366 1172 1454 Academicos,
1197 1368 1233 1439 de

136 1467 248 1541 beata
265 1470 364 1551 vita,
392 1466 437 1536 de
459 1465 744 1538 inmortalitate
759 1468 927 1551 animae,
953 1460 1233 1565 disciplinarum

135 1566 237 1654 libri,
265 1567 310 1638 de
334 1564 497 1636 moribus
521 1555 702 1660 Ecclefiae
719 1564 922 1637 catholicae
941 1580 981 1637 et
998 1569 1047 1638 de
1074 1569 1231 1641 moribus

135 1668 459 1752 Manichaeorum,
480 1669 525 1739 de
543 1665 656 1737 libero
667 1665 833 1751 arbitrio,
853 1659 1064 1766 dernufica,
1088 1672 1137 1742 de
1152 1696 1231 1742 vera

12 1760 17 1769 ¹
134 1772 333 1868 religione,
356 1768 401 1840 de
417 1770 580 1839 utilitate
596 1768 783 1853 credendi,
808 1768 854 1841 de
870 1770 960 1839 Fide
979 1784 1017 1841 et
1032 1771 1232 1871 Symbola,

136 1872 398 1955 demandacio,
408 1872 510 1943 varia
526 1869 659 1965 scripta
671 1870 857 1969 exe'getica
867 1888 981 1965 atque
993 1872 1084 1943 alia.
1120 1875 1232 1945 Libro

136 1968 335 2068 posteriori
354 1991 712 2054 commemorantur,
730 1996 825 2066 quae
839 1970 914 2042 iar'n
923 1971 1147 2072 Episcopus
1159 1974 1234 2047 scri·

134 2072 227 2169 psit,
247 2075 287 2143 in
311 2070 474 2167 quorum
500 2096 659 2148 numero
682 2073 787 2144 sunt:
817 2072 862 2147 de
876 2097 1002 2179 agone
1020 2064 1232 2170 christiano,

136 2165 579 2274 dedoctrinachristiana,
599 2165 1000 2270 ConfeffionumLibri,
1019 2174 1072 2246 de
1081 2176 1234 2251 catechi-

135 2270 265 2345 randis
279 2272 442 2360 rudibus,
461 2274 505 2347 de
520 2267 688 2376 consensu
706 2266 1049 2373 Evangelistarurn,
1073 2280 1123 2353 de
1132 2304 1234 2381 opert

88 2440 91 2445 .
136 2375 436 2462 Monaehornrn,
456 2375 613 2459 debono
632 2378 831 2476 coniugali.
884 2383 943 2449 De
961 2380 1129 2475 reliquie
1144 2400 1234 2455 tace·

135 2494 222 2550 mus
255 2497 366 2571 atque
404 2477 737 2551 animadvertimus
772 2495 940 2563 tantum,
977 2480 1240 2581 Augustinum

136 2602 226 2655 non
237 2580 365 2650 omnia
381 2577 524 2676 ingenii
544 2579 599 2650 sui
616 2598 865 2651 monumenta
882 2580 933 2653 ita
949 2584 1235 2671 retractassent

139 2704 235 2777 quae
248 2677 314 2774 ipsi
331 2677 425 2750 falso
445 2704 486 2751 ac
500 2679 634 2751 vitiose
651 2678 769 2781 posita
787 2681 1025 2767 videbantur,
1044 2710 1091 2756 ea
1114 2686 1233 2758 omnio

141 2778 374 2867 emendasset,
394 2779 455 2850 sed
471 2780 575 2881 saepe
590 2781 631 2851 in
649 2806 694 2853 eo
714 2780 910 2877 acquievit,
929 2802 975 2854 ut
990 2785 1121 2860 libros
1138 2788 1233 2885 ipsos

139 2881 300 2952 breviter
315 2880 526 2952 recenseret.
581 2887 702 2978 Quam
711 2884 815 2956 libris
832 2884 889 2955 his
907 2886 1119 2979 praemisit,
1137 2914 1233 2986 prae·

138 2980 284 3055 satione
310 2982 417 3053 dicit:
457 2986 544 3054 Iam
567 2984 632 3066 diu
656 2974 723 3079 eft,
749 2999 791 3054 ut
811 2982 939 3082 facere
964 2992 1102 3085 cogito
1128 3006 1233 3086 atque

136 3077 301 3181 dispono,
332 3084 432 3178 quod
466 3108 563 3157 nunc
586 3086 789 3157 adiuvante
813 3085 981 3157 Domino
1007 3094 1230 3188 aggrediar,

165 3189 225 3253 nia
243 3175 486 3284 differendum
503 3177 568 3285 effe
585 3210 659 3256 non
675 3185 854 3272 arbitror,
879 3200 920 3258 nt
938 3188 1125 3284 opuscula
1143 3218 1231 3276 inea,

125 3208 208 3384 hue
239 3289 275 3354 in
309 3283 427 3371 libris,
444 3278 527 3383 five
558 3289 596 3356 in
628 3313 647 3357 e
675 3277 806 3382 istolis,
830 3279 904 3384 five
930 3292 968 3357 in
993 3294 1232 3375 tractatibus,

138 3411 221 3455 carn
240 3388 406 3479 aerariam
421 3314 822 3487 iudiciariasdoeritate
839 3384 1061 3489 recenseam,
1083 3410 1122 3466 et
1139 3392 1232 3491 qnod

138 3511 199 3557 nee
228 3478 402 3585 offendit,
434 3490 535 3559 velat
569 3483 726 3589 censorio
752 3480 836 3583 stilo
861 3491 1050 3566 deitatem.
1109 3500 1233 3593 Neque

80 3570 90 3591 ¹
138 3591 236 3659 enine
252 3592 456 3681 qieiiqaam,
472 3580 538 3682 nifi
554 3591 776 3683 imprudens,
799 3592 878 3661 ideo
896 3595 984 3679 qnia
1002 3618 1095 3666 ntea
1113 3612 1233 3669 errata

136 3688 381 3783 reprehendo,
407 3714 465 3760 τηε
489 3690 749 3785 reprehendere
780 3690 938 3763 audebit.
976 3698 1078 3766 'Sed
1088 3690 1124 3793 fi
1141 3701 1233 3783 dica,

138 3814 212 3859 nene
237 3814 280 3859 ea
306 3781 464 3886 dehniffe
491 3818 515 3861 a
542 3794 706 3877 medici,
734 3818 829 3887 quae
849 3784 978 3888 postea
1007 3799 1108 3869 mihi
1127 3807 1233 3872 etiarn

136 3884 380 3985 displicerent,
420 3916 548 3961 verunt
573 3893 661 3964 dicit
691 3908 727 3965 et
752 3919 893 3964 mecum
921 3894 1038 3989 facit.
1098 3906 1233 3973 Eorum

137 3996 273 4086 quippe
294 3986 527 4092 reprehensor
543 3987 611 4089 est,
637 4019 794 4089 quornm
812 4010 847 4065 et
864 4019 935 4093 ego
946 3987 1057 4090 sarra.
1110 4008 1234 4097 Neque

136 4097 236 4171 enim
261 4118 307 4167 ea
330 4092 591 4194 reprehendere
613 4094 799 4186 deberem,
815 4088 857 4196 fi
880 4098 1001 4177 dicere
1027 4100 1144 4181 debus·
1173 4128 1231 4189 err,
