2542 4724
93 283 144 385 fib
457 277 491 352 c
519 300 542 353 Α
573 278 667 350 n..1.
721 278 756 375 §.
787 276 824 350 7.

99 488 207 557 eant,
255 468 347 541 libro
383 470 523 541 decimo
556 494 701 567 magna
735 492 782 540 en
809 474 923 565 'parte
954 474 1141 553 concinnos

97 573 282 649 nonnullis
304 572 456 642 adiectis
473 595 519 640 ex
534 572 706 642 Diolovo
728 572 915 657 Palladii,
939 567 1059 674 Episc.
1079 577 1141 645 He

98 700 146 749 no
175 675 327 758 olitaui,
366 676 429 766 qui
451 670 589 772 fuerat
623 626 873 773 chrysostomi
901 662 1117 773 discipulus,

102 704 307 860 Thiodon,
348 778 457 845 Rom.
484 774 583 844 Eccl.
608 775 790 859 Diaconi,
831 774 873 845 in
898 776 1079 848 Eiusdem
1106 781 1139 846 L

95 882 268 952 xxvm.
303 865 419 973 Epist.
445 876 483 947 4.
515 900 552 969 p.
582 873 692 948 1592.
713 872 815 949 'edit
849 876 974 947 Lond.
1001 873 1115 951 1642.

100 982 210 1075 oper.
230 984 342 1049 Tom.
359 981 422 1047 111.
448 981 545 1047 Part.
563 976 600 1046 2.
627 1000 663 1070 p.
687 972 794 1051 1532.
831 982 889 1048 Lu
921 978 954 1048 d.
973 984 1054 1049 Bat.
1078 978 1141 1050 17(

98 1083 166 1179 qui
187 1099 224 1151 et
249 1080 330 1150 aliis
347 1077 461 1160 locis,
504 1074 584 1149 Lib.
603 1078 770 1149 XXVIII.
794 1003 918 1174 Epist?
929 1079 990 1151 23.
1008 1076 1069 1151 24.
1106 1084 1141 1150 L

97 1186 234 1253 XXIX.
259 1182 333 1275 Epi
348 1191 373 1250 t.
390 1179 440 1252 83
456 1174 506 1273 sq.
537 1178 582 1249 de
601 1175 866 1270 chrysostomo
888 1178 1050 1265 disserit}

197 1286 247 1353 H.
273 1286 435 1352 Snvuu
468 1280 688 1351 Admonitio
713 1280 759 1351 de
787 1279 1037 1376 Scriptoribus
1066 1306 1141 1355 ren

99 1372 349 1485 chrysostomi
379 1395 415 1452 et
445 1374 662 1479 praesertim
695 1384 859 1481 Georgia
892 1385 1089 1478 ceterisque
1115 1389 1141 1465 β

96 1486 233 1578 γράφοις
249 1479 518 1565 recentioribus,
545 1484 653 1551 cauti!
672 1483 847 1581 legendis,
874 1508 989 1580 quam
1005 1482 1091 1581 post
1107 1491 1141 1559 It

97 1592 267 1661 Ussnnu
288 1584 333 1654 de
352 1574 600 1683 chrysostomi
619 1582 857 1669 editionibus,
895 1587 1057 1680 antiquis
1078 1589 1141 1657 int«

96 1685 260 1784 pretibus
275 1700 310 1755 et
322 1682 679 1780 vitaeScriptoribus
691 1678 983 1785 Observationes,
1002 1694 1063 1759 W.
1074 1696 1141 1759 Cn*

99 1778 237 1881 Histor.
265 1787 421 1857 litterar.
457 1788 636 1881 Scriptor.
671 1777 858 1884 ecclesnst.
884 1789 970 1861 Vol.
989 1791 1018 1858 1.
1044 1812 1082 1887 p.
1100 1789 1141 1885 32

94 1890 172 1965 luci
188 1887 360 1985 publicae
377 1887 559 1982 exposuit.
898 1906 901 1913 '

29 2066 33 2075 ,
199 1994 269 2061 Gn.
289 1995 567 2061 Gnnnnrms
597 1992 692 2059 Vita
711 1980 983 2089 chrysostomi,
1010 1989 1049 2062 hi
1063 1993 1141 2063 tori

96 2110 133 2165 et
161 2091 430 2187 chronologicis
453 2088 758 2160 annotationibus
780 2082 984 2187 illustrata,
1020 2114 1141 2185 quae.

94 2193 276 2269 Eiusdem
297 2195 409 2262 Vitas
424 2194 688 2275 Eremitarum,
714 2194 847 2264 colon.
872 2192 981 2265 1621.
1000 2193 1036 2266 8.
1052 2194 1141 2289 1³23

94 2290 246 2368 ecoesfit.
297 2293 422 2365 Vitam
446 2310 570 2365 autem
595 2291 693 2365 hanc
708 2318 790 2365 non
814 2293 892 2389 ipse
911 2294 1141 2391 Garneselti

91 2394 245 2491 soripht,
272 2394 335 2467 sed
353 2391 567 2478 osteadens,
591 2418 705 2488 quam
726 2400 890 2468 sunnon
908 2384 1141 2495 Metaphros

91 2499 160 2571 reli
188 2498 255 2568 uit.
1134 2558 1137 2563 .

163 2524 253 2670 qlo.
271 2601 501 2667 Vrucnnru
532 2599 627 2666 Vita
652 2586 921 2697 Chrysostomi,
956 2599 1141 2673 documen

93 2696 298 2772 moralibus
315 2687 520 2794 illustrata,
548 2698 843 2772 Tomaci1639.
874 2702 932 2772 12.

196 2802 293 2870 Grn.
317 2803 537 2870 Hunmnnr
570 2802 611 2867 V
610 2802 641 2868 ie
665 2800 710 2869 de
734 2803 773 2870 S.
797 2805 891 2870 leon
918 2792 1141 2903 chrysoston

93 2927 207 3001 quom
233 2900 300 2971 sub
330 2900 487 2971 nomine
518 2902 695 2999 Hugouis
721 2904 901 2973 Menardi
923 2903 1060 2989 edidit,
1102 2908 1141 2976 Pr

92 3004 280 3099 166411.
319 3000 355 3075 4.
400 3019 437 3072 et
467 3002 592 3100 Lugd.
620 3001 728 3075 1683.
760 3008 806 3073 11.
834 3003 870 3075 8.
940 3003 1024 3076 vid.
1058 3010 1141 3077 Nic

91 3130 218 3181 nonu
244 3102 447 3193 Mdrnoires
476 3108 520 3174 T.
545 3108 610 3174 ΠΙ.
644 3128 680 3197 p.
708 3105 793 3175 212.
847 3102 942 3177 Usus
970 3101 1020 3177 est
1049 3118 1141 3179 auct

88 3204 292 3283 Memoriis
314 3204 564 3289 Tillemontii,
593 3204 661 3275 suo
678 3222 850 3301 tempore
865 3206 1042 3278 nondum
1060 3206 1141 3279 edit

192 3306 380 3395 (Bnurn.
399 3298 630 3393 narrum)
651 3310 746 3377 Vita
772 3310 810 3377 S.
838 3297 1112 3407 chrysostomi,

87 3409 286 3490 Palladio,
314 3398 465 3505 historia
484 3410 677 3502 tripartita
702 3420 738 3478 et
760 3408 844 3481 aliis
853 3402 941 3506 side
960 3410 1086 3509 dignis
1102 3412 1141 3481 A

88 3508 273 3594 ctoribus,
301 3534 377 3579 una
394 3534 422 3578 c.
448 3510 656 3603 Speeimine
680 3509 872 3580 doctrinae
895 3534 915 3581 e
930 3503 1085 3612 scriptis
1109 3514 1141 3583 ei

87 3612 253 3685 collecta.
289 3610 374 3681 Hal.
397 3610 506 3682 1702.
532 3610 568 3681 8.

187 3716 288 3786 cun.
318 3718 379 3783 W.
406 3717 633 3781 Vostrum
673 3700 839 3811 Differtt.
880 3716 925 3782 V
956 3712 1002 3783 de
1037 3716 1141 3785 soon

87 3806 361 3916 chrysostomo,
381 3813 541 3883 Vitemb.
567 3812 725 3907 1710sq.
742 3812 792 3897 4.,
821 3812 1141 3911 quibusexpohtn

84 3914 135 3992 est
160 3918 205 3989 de
223 3915 361 4013 Elogio
388 3932 424 3984 ct
446 3913 529 3986 Vita
553 3910 827 4004 chrysostomi,
866 3914 912 3986 de
933 3914 1129 3989 veteribus

82 4018 158 4093 fide
182 4015 307 4115 dignis
331 4014 430 4086 vitoe
446 4010 702 4106 chrysostomi
718 4015 994 4110 Scriptoribus;
1029 4016 1079 4088 de
1098 4016 1141 4089 so

82 4120 159 4217 ptis
178 4112 433 4209 Chrysohomi
457 4138 499 4185 aa
526 4114 572 4187 de
599 4116 755 4210 optimis
773 4114 1028 4210 chrysostomi
1047 4117 1141 4191 editi

82 4219 206 4295 nibus.
271 4222 367 4290 Cum
400 4214 720 4290 dissertationibus
753 4217 855 4292 hisce
893 4218 1141 4321 coniungent!
