2542 4724
629 21 756 157 ,Ὗ

106 228 227 323 trt'
406 240 694 327 -cruvu,
746 232 913 340 §.ns

175 396 181 427 i

39 438 59 445 ”
115 437 213 509 didit
238 428 349 535 atque
372 442 418 509 e'x
443 436 520 511 illis
543 463 665 509 uuum
687 434 862 510 historiae
885 439 1069 510 volumen
1093 462 1202 511 tom·

113 538 261 633 posuit3
293 539 346 609 in·
356 544 427 610 XII
444 540 563 621 libror
590 537 761 611 divisum.
813 539 969 611 Reclacti
993 539 1051 613 illi
1072 536 1203 634 postea

114 640 259 711 suntin
281 642 485 734 Epitomen
507 640 533 712 s.
558 639 835 736 compendium
856 664 1059 713 aenomen
1073 630 1218 736 Ilifto··

114 744 192 811 riae
208 745 421 836 tripartitae
438 758 669 838 acceperunt.

216 882 537 961 Castrononus,·
559 876 621 949 eui
639 892 846 946 memorata
871 866 1037 973 Hfioria
1062 878 1203 971 tripar-

116 980 187 1046 tita
209 977 339 1048 locum
361 975 449 1049 feeit
469 978 568 1051 inter
587 974 660 1050 hoe
677 977 904 1071 Scriptores3
939 978 1088 1072 qualem
1111 1001 1206 1073 ope·

21 1156 25 1165 ¹
116 1102 196 1149 rem
212 1096 338 1149 autem
360 1079 408 1149 ad
421 1080 527 1151 illam
551 1074 615 1151 iste
639 1078 868 1161 adhibuerit,
901 1102 984 1149 non
1005 1079 1117 1173 plane
1142 1102 1206 1149 ex·

115 1180 310 1273 ploratum
336 1176 408 1265 est,
454 1178 757 1274 necquidquam
787 1202 859 1275 pro
887 1196 988 1251 certo
1021 1176 1206 1271 affirmari

114 1277 247 1373 potest.
313 1280 489 1353 Aliorum
513 1277 694 1353 sententia
721 1275 789 1363 est,
829 1270 1036 1377 Historiam
1061 1280 1160 1350 hanc
1181 1304 1205 1351 a

76 1376 79 1381 ’
118 1376 331 1453 Gaffiodoro
353 1407 399 1453 ex
422 1380 673 1478 Scriptoribus
691 1378 812 1452 tribus
838 1381 995 1479 graecis,
1038 1385 1205 1463 Socrate,

106 1486 334 1554 *sozomeno
353 1506 396 1553 ac
411 1483 667 1567 Theodorem,
685 1482 730 1551 ab
745 1480 956 1579 Epiphanio
973 1476 1202 1553 Scholastica

116 1580 231 1654 latine
254 1581 384 1667 versis,
420 1584 616 1655 collectam
646 1602 758 1679 atque
779 1583 821 1651 in
846 1582 1121 1676 compendium
1147 1606 1206 1651 re·

119 1683 266 1756 daetam
282 1682 398 1757 fuisse.
450 1686 527 1756 Alii
542 1709 626 1756 non
641 1682 716 1755 fine
733 1682 997 1777 probabilitate
1015 1682 1207 1778 suspican-

117 1798 199 1868 tur,
226 1811 306 1858 non
323 1782 599 1872 cassiodorum,
633 1784 697 1857 sed
717 1784 974 1880 Epiphaniam
995 1784 1208 1879 Epitomen

50 1897 56 1909 '
118 1886 216 1957 hanc
229 1884 349 1958 fecisse
367 1912 410 1959 ac
426 1882 683 1963 eaffmdomm
699 1903 848 1958 tantum
862 1884 1048 1957 suasorem
1061 1882 1207 1957 laboris

117 1985 278 2084 suscepti
291 1983 467 2063 exstitisse.
819 2008 824 2019 '

219 2132 465 2227 Guneonruq
484 2120 720 2227 Turoneufis,
760 2126 825 2224 qui
840 2113 1026 2222 Historiae
1044 2116 1210 2223 ecclefla·

106 2216 227 2321 flicae
239 2232 470 2301 Francorum
491 2231 609 2302 libros
628 2236 681 2314 X,
718 2229 762 2298 ab
782 2222 1038 2323 antiquill'nnis
1054 2243 1208 2321 tempo·

118 2327 221 2400 ribus
246 2355 367 2425 usque
389 2332 436 2403 ad
459 2358 489 2403 a.
513 2332 597 2402 Chr.
614 2326 700 2404 592.
720 2329 881 2423 reliquit.
942 2334 986 2398 ln
1001 2328 1076 2399 illis
1092 2332 1210 2399 Pran-

118 2453 250 2501 corum
274 2432 427 2526 quidem
453 2432 651 2528 praecipue
678 2457 735 2504 res
765 2426 1017 2502 ecclesiasticae
1041 2450 1211 2500 comme-

117 2549 333 2616 morantur3
361 2550 563 2628 antequam
580 2552 705 2605 tamen
715 2534 859 2605 Auctor
876 2532 924 2601 ad
941 2554 1000 2601 eas
1017 2553 1213 2625 exponen·

118 2632 183 2703 des
199 2630 360 2715 accedit,
388 2634 435 2704 de
451 2635 497 2707 iis
515 2657 671 2730 quoque
688 2633 849 2705 breviter
867 2630 1020 2715 disserit,
1048 2652 1144 2727 quae
1158 2630 1209 2699 ab

120 2731 210 2803 orbe
242 2731 399 2805 condito
434 2730 530 2834 gesta
556 2734 651 2807 sunt.
720 2734 871 2829 Saepius
897 2733 938 2803 in
963 2733 1083 2803 lucem
1112 2728 1211 2801 exiit

118 2856 216 2928 opus
232 2832 324 2917 hoc,
351 2860 433 2906 non
450 2835 575 2909 solum
590 2836 806 2932 separatim,
834 2834 896 2906 sed
917 2834 1030 2907 etiam
1047 2830 1213 2904 coniun-

117 2934 209 3005 ctim
234 2958 321 3005 cum
347 2937 428 3021 aliis
453 2937 570 3008 libris.
637 2943 718 3008 lam
745 2936 922 3008 enarratis
953 2932 1212 3028 Scriptoribus

116 3034 273 3133 adiungi
296 3033 391 3109 solet
414 3044 633 3109 Surercrus
659 3042 860 3121 Serenus,
908 3036 1015 3109 cuius
1038 3030 1146 3103 Libb.
1163 3038 1214 3103 11

117 3127 302 3232 Historiae
310 3132 446 3237 sacrae
463 3138 511 3209 ad
525 3161 599 3209 nos
621 3139 792 3208 translati
811 3134 907 3209 lunt.
963 3132 1212 3232 consignavit

116 3238 170 3308 ibi
184 3237 319 3309 litteris
333 3264 389 3310 rer
406 3238 528 3339 gentis
545 3238 763 3310 Israeliticae
780 3240 906 3310 civiles
932 3257 970 3310 et
986 3235 1130 3319 sacras,
1167 3258 1214 3307 ao

113 3354 259 3441 partqm
274 3336 459 3413 Historiae
475 3336 729 3412 eccleliasticae
740 3346 786 3411 N.
798 3346 841 3411 T.
857 3337 1041 3420 adiunxit,
1061 3334 1107 3407 ab
1116 3334 1213 3407 orbe

115 3440 441 3535 quidemeondito
458 3440 641 3535 usquead
660 3440 803 3521 exitum
821 3445 897 3511 Sec.
908 3445 958 3511 IV
974 3434 1059 3535 post
1073 3462 1111 3507 n.
1123 3436 1213 3509 chr.

70 3608 73 3613 .
115 3546 205 3613 Non
226 3568 353 3637 expers
370 3538 420 3615 est
437 3532 602 3635 Historia
618 3544 708 3614 haee
724 3539 919 3614 vitiorum.

215 3677 289 3770 Qui
301 3668 516 3781 fingularia
536 3678 774 3774 Argumenta
793 3673 978 3747 Historiae
998 3668 1211 3745 ecclesiasti·

117 3801 180 3848 cae
194 3776 451 3871 percenserent
466 3779 587 3870 iisque
603 3781 727 3849 lucem
745 3772 936 3859 afferrent,
961 3776 1093 3846 itidem
1111 3774 1215 3843 luter

113 3882 302 3949 Doctores
321 3878 579 3972 aoScriptores
592 3880 663 3949 hos
678 3879 908 3973 antiquiores
919 3876 1084 3948 suerunt.
1115 3878 1215 3968 Ope·

114 4004 192 4049 ram
216 3978 318 4047 suam
338 3980 600 4071 posuer·uut!in
617 3981 725 4049 rebus
745 3984 962 4075 lllnrtyrnnr
985 3976 1217 4055 enarrandis,

113 4104 283 4175 quorum
301 4076 525 4152 existimatio
545 4106 587 4153 ae
605 4082 795 4153 veneratio
817 4106 935 4175 quum
959 4077 1115 4175 insignis
1132 4074 1221 4149 ellet
