2542 4724
431 288 517 364 Ca
541 312 577 362 a.
608 282 638 364 Ι.
692 296 725 385 §.
754 294 788 365 7.
1027 258 1030 263 ¹
1109 302 1155 377 71

441 482 760 558 Aminoerns.

143 626 390 702 Parturire,
417 614 585 689 diverfia
602 621 776 706 Nolano,
802 620 985 696 Ambrosii
1002 627 1153 699 Notarii

64 746 96 795 tc
112 718 239 817 postea
271 720 510 811 Presbyteri,
549 724 590 789 V
589 724 643 791 ita
670 722 708 791 S.
733 716 936 823 Arrzb'rofii,
964 728 1151 800 Mediola-

63 816 155 917 renfis
179 816 336 923 Epifc„
375 821 423 892 ad
448 818 701 920 Augustinum
727 823 955 920 conscripta3
997 830 1036 897 in
1060 816 1152 901 Aa.

64 948 181 996 nostr
203 926 394 1019 Operum,
417 946 512 1018 quae
527 926 711 996 Monachi
727 926 914 997 Benedict.
937 928 1146 1015 ediderunt,

61 1026 264 1121 Appendice
281 1031 400 1097 Tom.
418 1029 466 1095 II.
483 1050 520 1119 p.
541 1027 577 1099 1.
605 1042 643 1097 et
666 1027 707 1097 in
725 1032 842 1106 Sunu
858 1031 902 1096 V
899 1032 958 1099 itis
972 1033 1143 1103 Sanctor.

62 1128 101 1197 ri
116 1128 151 1199 4.
164 1126 301 1223 April.
319 1150 359 1221 p.
371 1122 432 1199 51.

142 1232 373 1301 Anulum
408 1230 503 1297 Vita
534 1240 571 1297 et
597 1218 812 1325 Instittetum
843 1233 882 1300 S.
902 1231 1027 1301 Patris
1051 1235 1146 1304 Am-

62 1320 160 1429 bofii,
183 1320 534 1427 Mediolanenstum
547 1325 681 1429 Epist..
708 1356 837 1427 graece
853 1349 966 1425 atque
981 1351 1146 1419 auctore,

63 1430 252 1503 uenditi
270 1430 358 1503 Viri
379 1430 629 1525 suspicantur,
657 1437 853 1505 Srnnone
872 1424 1143 1531 Metophraste.

62 1534 293 1631 Inlgarunt
308 1532 416 1602 illam
437 1556 522 1603 cum
545 1530 662 1603 latina
678 1533 989 1629 interpretatione
1005 1541 1147 1609 Mone-

62 1632 331 1719 nissmeffice,
356 1634 380 1702 l.
402 1657 434 1703 e.
452 1636 516 1729 Ap
544 1635 625 1704 end.
647 1660 683 1729 p.
704 1632 763 1708 15.

140 1736 200 1807 Io.
222 1742 419 1809 Gancam
441 1738 494 1803 Hi
509 1736 644 1805 toriola
664 1737 708 1806 de
723 1740 761 1807 S.
779 1728 995 1835 Ambrofio,
1020 1733 1140 1835 Episc.

61 1826 345 1935 Mediolanensi,
369 1826 560 1939 proposita
583 1834 748 1910 a.1569.
775 1838 937 1909 Vitemb.
953 1840 1062 1914 1571.
1080 1840 1116 1913 8.

145 1960 206 2027 Io.
225 1960 465 2027 Minoem
486 1957 618 2025 Oratio
633 1957 678 2026 de
693 1947 901 2054 Ambrofio,
929 1982 959 2029 o.
973 1964 1141 2029 Eaasnn

60 2056 305 2129 inmunem
328 2058 508 2128 Oratione
524 2056 569 2125 de
586 2049 809 2152 Sopbifiico,
844 2058 1005 2130 Vitemb.
1033 2057 1141 2133 1541.

61 2156 105 2227 t:
127 2158 229 2231 Inter
244 2162 633 2231 Mutanturnon'rs
652 2160 914 2257 I’raej'ationes
934 2179 970 2232 et
990 2162 1142 2231 Oratio-

61 2284 106 2331 nes
126 2266 174 2333 Τ.
190 2264 241 2333 II.
271 2286 311 2355 p.
328 2255 416 2332 276.
450 2254 600 2329 Servest.
625 2260 733 2333 1587.
754 2260 790 2333 8.

145 2366 309 2433 Larrxt
329 2366 504 2432 Lar-inu
523 2363 733 2444 Sententia,
762 2386 851 2430 num
870 2360 909 2431 δ.
928 2351 1143 2457 Ambroſsos

61 2465 237 2535 Intentio
256 2450 426 2543 vivente,
461 2486 510 2530 an
526 2485 613 2531 vero
632 2477 801 2546 mortno,
837 2458 1041 2562 Episcopus
1058 2466 1143 2531 Me·

9 2600 13 2611 ·
62 2554 270 2662 Imlanenfis
288 2552 522 2733 creatusft?
544 2561 585 2633 in
607 2563 700 2635 Eius
723 2553 920 2660 Epistolis,
950 2566 1144 2633 Coniectu-

9 2702 14 2711 ·
61 2670 97 2737 rit
113 2680 149 2737 et
166 2660 430 2763 Oblemationi
457 2714 488 2747 .,
513 2687 607 2759 quae
626 2668 770 2735 Romae
788 2664 895 2741 1659.
916 2663 953 2737 4.
987 2664 1141 2761 prodie-

60 2786 135 2839 runt
156 2772 203 2841 T.
220 2770 252 2837 1.
275 2792 315 2863 p.
334 2764 421 2841 375.

8 2916 14 2927 ·
144 2890 304 2959 Desrn.
330 2888 494 2957 Entsmr
528 2884 705 2955 Roterod.
739 2884 937 2984 Praefatio
979 2886 1031 2954 od
1054 2885 1143 2955 ΑΜ-

8 2992 18 3039 ?
62 3010 190 3063 nostr
220 2990 371 3083 Opera,
411 3010 505 3081 quae
535 3012 622 3057 cura
652 2985 756 3057 illins
781 2987 822 3057 in
845 2990 969 3058 lucem
992 2984 1144 3078 prodie-

60 3108 150 3173 mnt,
174 3086 286 3161 naht
301 3086 412 3162 1527.
422 3140 433 3173 ,
459 3088 557 3160 inter
574 3087 653 3159 eius
669 3078 855 3183 Epistolas
870 3088 954 3161 Lib.
973 3088 1142 3157 XXVIII.

7 3220 18 3249 r
60 3210 151 3265 ron.
167 3190 204 3265 3.
230 3216 270 3287 p.
289 3186 400 3263 1584.
428 3188 516 3261 edit.
534 3188 658 3261 Lond.

6 3348 21 3389 ,2
144 3314 206 3383 10.
233 3312 442 3379 Cosrnnu
471 3310 567 3378 Vita
588 3298 793 3405 Ambrofii,
839 3304 1030 3400 praemiiia
1054 3306 1144 3377 Am·

62 3430 185 3483 ιιοιιι
215 3406 421 3505 Operibus,
463 3406 569 3481 Bafil.
599 3405 696 3483 1555
714 3406 892 3481 ——1567.
927 3405 997 3505 f⁰.¹·
1039 3407 1142 3499 typis

61 3508 230 3605 expreffit.
300 3512 397 3581 Vita
425 3506 517 3582 hoec
547 3501 754 3608 Ambrofii,
787 3509 951 3581 maxime
982 3532 1028 3579 ex
1054 3506 1143 3577 Am·

62 3606 162 3685 troni
176 3610 286 3685 libris
306 3612 462 3683 collecta
481 3609 541 3684 est.

149 3738 273 3803 Caes.
290 3736 486 3801 Battontt
506 3732 549 3799 V
546 3733 600 3801 ita
616 3718 821 3827 Ambrofii,
855 3728 1029 3799 adiuncta
1054 3727 1145 3797 Am·

4 3827 21 3876 :·
62 3848 200 3905 nom
212 3828 410 3930 Operibus,
427 3856 516 3905 cura
531 3849 570 3902 et
585 3830 658 3901 lab.
675 3830 804 3901 Felicis
820 3829 927 3899 Card.
949 3830 993 3897 de
1007 3831 1144 3897 Monte

61 3932 160 4001 Atro.
181 3930 548 4009 Rom.1580—87.
579 3937 642 4001 111.
679 3930 747 3999 fol.
783 3930 903 4001 editis.
956 3927 1143 3999 Bar-onius

61 4048 196 4117 tamen,
243 4060 363 4129 quum
389 4035 556 4105 Annales
581 4023 833 4129 ecclrfiajt'icos
865 4030 1058 4114 scriberet,
1101 4030 1142 4095 in

62 4128 122 4209 bae
138 4142 237 4209 Vita
254 4139 378 4210 multa
389 4135 620 4217 emendavit.
