2542 4724
426 273 508 349 Ca
538 295 572 343 r.
607 275 709 345 xm.
759 270 795 357 §-
824 270 908 345 123.
1128 268 1201 347 671

106 486 215 546 cero,
241 462 435 559 Magnum
452 461 698 555 opinatorem
715 454 796 544 else,
823 458 861 528 h.
880 483 911 529 e.
934 457 1052 532 solere
1071 459 1204 557 Augu·¹

105 562 266 647 stinunr,
306 565 502 657 plerasque
535 559 747 655 probabiles
785 558 967 632 duntaxat
1002 560 1203 656 opiniones

106 663 346 763 proferre.*)
1201 690 1205 697 ’

211 772 421 838 saevum
439 780 700 847 monumenta,
720 763 831 833 omni
849 763 961 833 lande
981 761 1202 834 aelectione

110 867 245 961 digna,
273 868 408 961 quibus
435 864 627 935 doctrinae
654 865 788 933 morali
814 867 937 934 lucent
965 865 1102 934 attulit.
1154 869 1201 935 In

107 970 184 1040 illis
205 970 290 1038 snut
306 968 413 1037 Libb.
433 970 518 1036 Vlll
543 965 587 1033 de
604 967 850 1034 Prorirlentio
868 980 904 1034 et
925 964 1199 1061 Grrberrtatiorre

108 1072 186 1140 Dei
215 1072 329 1163 deque
354 1059 443 1162 insto
469 1092 513 1135 uc
536 1059 726 1164 prensante
752 1070 825 1135 eius
847 1067 999 1153 iurlicio,
1028 1066 1074 1135 ad
1096 1068 1201 1143 Salo·

107 1173 217 1243 nium
242 1169 382 1265 llpisc„
420 1167 642 1261 discipulum
669 1168 760 1237 olim
788 1168 878 1238 eius.
945 1173 1071 1263 Quum
1096 1171 1200 1239 Deus

110 1298 156 1345 eo
186 1291 371 1365 ternpore,
413 1269 548 1340 Orbern
583 1274 744 1340 Ilornan.
776 1294 842 1362 per
870 1272 1014 1340 Gothos
1048 1285 1083 1338 et
1107 1272 1205 1339 Van·

109 1376 238 1477 riolos,
274 1368 408 1441 haeresi
434 1373 590 1440 Arianae
616 1367 809 1454 addictos,
861 1370 1061 1467 affligeret,
1102 1370 1202 1438 ntul-

108 1494 240 1547 torum
271 1474 439 1565 querelae
478 1470 596 1541 sactae
631 1472 717 1541 sunt
759 1489 889 1543 contra
926 1478 1069 1552 Deurn,
1112 1495 1201 1541 eunt

107 1578 173 1647 vel
190 1577 385 1671 ‘negligere
410 1598 465 1642 res
492 1574 695 1654 lunnanrts,
723 1575 794 1657 vel¹
812 1573 837 1642 ll
862 1590 1005 1642 cruerit
1028 1573 1129 1653 illas,
1159 1570 1201 1641 in

107 1678 179 1749 hac
221 1694 344 1745 tarnen
385 1675 462 1743 vita
506 1676 689 1743 iudiciuin
728 1700 809 1743 nun
853 1699 1037 1758 exercere,
1078 1669 1202 1743 autst

111 1777 217 1873 quod
251 1800 436 1856 exercere,
468 1775 508 1844 id
542 1792 664 1844 tamen
690 1776 865 1868 iniquum
890 1764 1018 1845 iidcri.
1071 1771 1202 1867 Inrpiis

108 1880 169 1951 his
194 1877 372 1973 querelis,
398 1876 518 1945 inuno
546 1876 785 1969 blasphemiis
808 1891 849 1946 vt
872 1876 1065 1949 Salvianus
1090 1874 1201 1946 forti·

108 1998 167 2051 ter
194 1974 386 2060 resisteret,
420 1976 650 2047 occasionem
680 1976 824 2061 strnilit,
866 1978 1049 2049 adductos
1080 1978 1200 2047 libros

112 2082 159 2153 de
180 2079 424 2151 Providentia
445 2079 517 2148 Dei
534 2078 715 2148 scribendi
732 2104 773 2147 ac
790 2072 1033 2162 monstrandi,
1059 2104 1125 2173 per
1142 2102 1200 2148 ca·

109 2181 317 2262 lumitates,
343 2180 478 2273 quibus
496 2198 624 2276 gentes
649 2179 883 2277 affligantur,
901 2186 1034 2267 Deum
1057 2174 1200 2251 insuffi-

108 2308 218 2356 mum
242 2282 426 2351 iudicium
460 2282 633 2351 adhibere
658 2283 807 2374 hocque
837 2282 1067 2365 rationibus,
1102 2276 1202 2351 testi·

108 2383 251 2456 moniis
276 2400 387 2476 atque
410 2384 588 2477 exemplis
615 2382 810 2477 probandi.
866 2384 1000 2455 Omnia
1018 2384 1107 2454 haec
1122 2382 1201 2453 Sal·

107 2486 244 2559 vienus
269 2483 418 2577 copiose
442 2485 677 2581 graviterque
700 2484 875 2578 exponit,
904 2511 990 2556 eum
1014 2486 1055 2555 in
1072 2482 1200 2569 finem,

109 2604 156 2657 ut
182 2584 388 2683 flagitiosos
421 2605 530 2679 utque
562 2586 702 2679 impios
727 2586 900 2657 homines
933 2586 979 2655 ad
1005 2587 1203 2681 poeniten·

109 2688 203 2761 tiam
218 2688 348 2757 incitet
365 2710 407 2756 ac
422 2705 673 2757 commoveat.
703 2687 869 2782 Reliquit
887 2688 999 2758 etiam
1019 2693 1201 2758 Saevu-

111 2807 196 2861 ltvs
222 2787 331 2860 Libb.
350 2793 400 2859 lv
422 2786 507 2859 adv.
538 2790 759 2872 averritiont,
798 2783 1014 2887 praesertim
1044 2790 1228 2859 Clerico··

110 2914 196 2962 rum
232 2903 268 2959 et
301 2889 566 2972 Sacerdotem,
611 2888 677 2959 sub
708 2889 798 2960 ficto
827 2889 1012 2960 Timothei
1041 2892 1201 2962 nomine

110 2992 245 3065 editos.
280 2990 401 3087 Digni
417 3007 454 3061 et
468 2991 523 3061 illi
539 2992 643 3073 sunt,
672 2991 738 3084 qui
753 2992 927 3088 legantur
942 3016 1056 3062 nemo
1075 3010 1203 3065 autem

109 3117 265 3165 morum
282 3092 507 3186 praeceptis,
535 3116 629 3186 quae
648 3092 761 3162 trudit
776 3092 851 3165 line
870 3093 1089 3187 exceptione
1116 3094 1202 3163 sub·

109 3191 255 3266 scribet.
307 3191 483 3286 Disputat
509 3211 639 3265 contra
660 3193 864 3265 Avaritiam
888 3212 1002 3286 atque
1030 3190 1201 3279 ostendit,

108 3293 209 3366 illud
233 3292 369 3363 vitium
397 3291 464 3363 elle
487 3294 657 3364 omnium
682 3294 867 3366 vitiorum
892 3291 1142 3395 gravissimum
1167 3313 1205 3367 et

72 3436 91 3459 .
107 3394 273 3469 maxime
298 3391 508 3465 detestabile
531 3418 572 3465 ae
596 3394 732 3491 quibus
755 3397 930 3470 homines
955 3393 1013 3467 isti
1044 3395 1204 3492 speciem

109 3496 311 3569 conciliare
326 3496 467 3581 velint,
493 3520 534 3567 aa
551 3497 677 3568 omnia
700 3495 768 3569 elle
783 3523 888 3571 vana.
943 3503 1086 3581 Docet,
1110 3497 1203 3568 libe·

104 3598 255 3670 ralitate
271 3597 313 3667 in
333 3620 513 3691 pauperos
530 3595 598 3669 elle
614 3598 829 3671 redimenda
847 3619 1015 3696 peccata,
1038 3600 1079 3669 in
1097 3598 1203 3670 exitu

105 3697 325 3798 praesertim
348 3698 447 3770 vitae
470 3699 571 3771 bona
596 3702 822 3798 pauperibus
847 3702 915 3775 elle
939 3698 1202 3788 distribuenda,

138 3928 167 3997 ')
187 3925 313 3982 Merula
338 3926 410 3983 tire'e
435 3928 479 3981 du
499 3931 542 3984 et.
559 3924 714 3999 Arignslin
738 3947 767 4001 p.
786 3924 851 3983 Mr.
876 3926 986 3983 1⁰Abbt
1003 3929 1100 3985 Gneo.
1135 3930 1203 3988 Par.

178 4000 255 4053 1786.
273 3996 307 4050 ll.
325 4000 351 4053 8.
386 3996 534 4052 Sriontnt
555 4008 651 4069 p.110.
688 3999 783 4053 Nolae
801 3998 869 4051 suit!
889 3998 1002 4059 turbae,
1021 4018 1099 4070 quae
1116 3998 1205 4073 super

174 4064 334 4137 Augustini
353 4067 487 4119 doctrina
503 4069 698 4125 dahuurauae
714 4078 837 4125 naturae
854 4065 985 4130 sanitate.
1003 4072 1205 4146 aegritudine.

174 4134 336 4201 medicine,
354 4136 474 4211 qualern
493 4136 584 4195 Gonu.
600 4136 751 4195 tuantur
768 4132 923 4209 exposuit,
944 4154 1022 4194 unae
1038 4142 1118 4196 lunt.
