2542 4724
407 282 904 376 ormnem·
1024 228 1173 365 'nt

470 546 473 553 ,
559 471 594 560 a.
635 464 698 545 85.

185 635 285 718 Non
304 654 438 712 tamen
459 635 766 713 existimandum
784 638 857 727 est,
883 641 1019 715 Patres
1037 637 1195 729 Ecclen¹

81 740 185 831 siae,
213 740 294 814 sive
311 743 513 812 Doctores
533 734 599 810 sex
616 740 801 838 priorum
824 738 1053 815 seculorum
1072 741 1178 815 chri·

80 842 231 919 stianos
258 838 497 938 compendia
530 836 698 911 exarasse
724 865 767 912 ac
790 838 1032 913 methodum
1055 839 1178 941 syste-

80 943 271 1018 maticarn
295 935 525 1014 adhibuisse.
580 940 754 1039 Scripta,
791 940 936 1035 quibus
968 940 1177 1042 hocxpro·

81 1043 182 1119 bare
209 1042 376 1127 volunt,
406 1065 452 1110 ea
475 1041 577 1114 nihil
606 1038 827 1113 monstrant
853 1066 896 1113 ac
925 1038 1177 1140 praeserunt,

82 1168 189 1241 quae
212 1141 263 1215 ad
286 1140 454 1238 systema
487 1142 655 1237 eiusque
690 1138 928 1213 methodum
958 1142 1175 1256 pertinent.

80 1245 274 1343 Princeps
293 1242 402 1315 enim
417 1240 478 1313 rei
493 1240 615 1316 huius
632 1240 736 1313 ratio
753 1265 838 1313 non
853 1241 897 1312 in
906 1242 997 1339 iphs
1011 1240 1179 1340 dogma·

81 1342 216 1433 tibus,
244 1367 344 1443 quae
366 1341 633 1439 explicantur,
662 1338 730 1413 sed
752 1341 797 1413 iu
817 1338 980 1431 ordine,
1007 1365 1088 1441 quo
1105 1342 1179 1417 asta

81 1443 191 1519 inter
213 1442 253 1519 se
279 1443 516 1529 cohaerent,
540 1439 666 1542 posita
691 1438 757 1515 est.

185 1563 287 1633 Varii
314 1569 437 1635 Patres
473 1559 697 1634 ecclesiastici
727 1583 1007 1649 memorantur,
1043 1562 1176 1660 quiin

82 1660 265 1735 tradenda
289 1665 483 1762 theologia
510 1665 721 1761 dogmatica
744 1666 927 1736 methodo
947 1660 1178 1760 systematica

81 1760 141 1835 ub
166 1762 256 1848 srnt3
282 1766 447 1861 adquae
474 1783 599 1836 autem
623 1782 815 1859 tamquam
841 1768 1010 1861 exempla
1035 1791 1179 1861 provo·

83 1880 192 1950 cant,
219 1865 350 1962 scripta
375 1891 508 1937 eorum
533 1867 659 1937 minus
679 1867 809 1936 ¹valent
834 1867 1176 1964 adprobationem.

81 1962 355 2052 Adducuntur‚
384 1991 549 2061 quorum
562 1990 665 2038 nnnc
682 1968 916 2041 mentionem
935 1967 1113 2041 faciemus
1134 1993 1178 2041 ao

82 2062 394 2153 monstrabimus,
423 2068 522 2163 apud
544 2068 633 2140 illos
658 2068 883 2141 methodum
906 2064 1177 2160 systenraticam

82 2190 168 2239 non
186 2165 422 2264 deprehendi.
476 2174 572 2240 Sunt
589 2166 665 2241 illi:
1167 2178 1170 2183 '

186 2290 467 2360 Tuzornrnus
492 2284 705 2370 Antioch,
724 2285 830 2357 cuius
854 2284 991 2359 Libros
1023 2305 1098 2363 tres
1126 2292 1180 2363 ad

83 2386 318 2489 Autolycum
336 2388 614 2482 Compendium
640 2387 855 2486 theologiae
881 2385 1095 2463 christianae
1111 2417 1181 2463 ex·

83 2487 231 2575 hibere,
260 2491 440 2562 nonnulli
461 2488 527 2560 fibi
551 2487 773 2583 persuadent
792 2487 957 2582 huicque
974 2489 1179 2567 sententiae

83 2582 215 2661 favere
244 2590 395 2663 videtur
424 2590 552 2663 Codex
576 2586 702 2688 regius
723 2585 949 2674 Parifiensis,
983 2592 1050 2687 qui
1081 2593 1180 2667 hanc

84 2688 372 2787 inscriptionem
394 2717 482 2789 prae
515 2690 550 2761 se
573 2687 667 2763 fert:
714 2691 782 2786 cepi
814 2696 869 2780 τῆς
903 2698 969 2764 τῶν
993 2701 1181 2789 maceraida

83 2800 236 2893 retortas,
262 2791 401 2894 deside
419 2782 627 2888 christiana,
654 2816 729 2864 una
749 2817 835 2862 cum
850 2791 909 2876 iis,
940 2818 1035 2889 quae
1050 2786 1179 2868 Euan²

85 2914 182 2965 urus
211 2898 261 2965 H.
284 2900 327 2966 E.
350 2901 411 2979 IV,
436 2892 495 2966 tt.
521 2892 655 2978 habet,
690 2893 845 2989 quando
869 2894 990 2968 libros
1013 2892 1086 2969 hoa
1109 2904 1181 2993 τρία

82 2995 130 3064 ed
145 2998 217 3089 πρὸς
233 2996 426 3067 ’Δυτόλυκον
441 2996 628 3088 στοιχειώδη
642 2993 871 3089 συγγράμματα
886 2997 1059 3090 appellat,
1076 2998 1114 3070 h.
1132 3024 1178 3085 e.,

82 3092 288 3191 interprete
310 3102 360 3167 H.
383 3102 588 3179 Vanesro,
621 3109 695 3169 tres
719 3096 771 3166 cd
793 3096 1027 3192 Autolycum
1052 3096 1177 3185 libros,

84 3186 350 3287 iustitutionmt
362 3193 462 3297 fidei
480 3199 717 3274 continentes.
769 3195 840 3268 Sed
860 3198 926 3290 qui
939 3196 1041 3292 ipsos
1059 3200 1177 3273 libros

85 3295 162 3369 hoa
177 3315 317 3370 attente
333 3296 509 3395 perlegit,
535 3294 735 3386 fatebitur,
762 3295 1019 3392 Theophilum
1042 3298 1083 3371 in
1103 3301 1181 3377 ittir

84 3418 169 3470 non
201 3399 476 3495 Compendium
512 3396 705 3470 doctrinae
740 3394 954 3471 christianae
984 3401 1180 3486 exhiberee

43 3550 55 3567 .
86 3496 207 3570 sedin
230 3497 505 3572 conscribendis
526 3494 602 3570 istis
621 3523 708 3570 eum
724 3498 838 3570 finem
856 3498 1094 3596 propositum
1112 3498 1183 3579 fibi

86 3596 263 3686 habuisse,
291 3618 336 3670 ut
351 3626 415 3672 eos
437 3595 662 3685 confutaret,
689 3600 756 3694 qni
773 3602 881 3694 plura
898 3602 1056 3681 numina
1070 3627 1185 3677 vene-

86 3714 230 3771 rantur.
280 3703 409 3773 Primo
424 3700 523 3773 libro
541 3702 728 3772 nonnulla
746 3699 881 3773 disserit
897 3700 1048 3787 deDeo,
1068 3701 1183 3776 elsen-

85 3798 142 3870 tia
166 3801 247 3873 eiua
270 3818 382 3896 atque
406 3801 595 3874 attributis
621 3825 663 3873 ac
679 3799 986 3875 resurrectionem
1008 3821 1182 3878 mortuo·

86 3925 175 3973 rum
199 3903 399 3994 exemplis,
426 3927 522 3997 quae
537 3924 607 3974 nec
621 3902 793 3976 homines
837 3904 948 4001 agani
964 3929 1102 4003 negare
1117 3929 1182 3976 au·

88 4000 248 4089 debant,
283 4004 530 4098 comprobare
559 4002 763 4088 annititur3
787 3928 951 4104 fironda
983 4025 1111 4077 autem
1137 4031 1186 4081 ex

86 4098 177 4201 ipfit
193 4102 428 4201 Scriptorum
445 4102 784 4203 superstitiosorum
799 4105 1046 4196 monimentis
1064 4103 1184 4182 often·
