2542 4724
66 233 177 323 ‚530
265 344 268 349 Ι
384 224 475 305 co
501 244 538 301 e.
565 227 640 325 xl„
679 210 822 316 §.tto
840 224 927 309 111.

97 421 231 509 seculi.
290 416 451 512 Propter
475 410 697 491 accessiones
723 410 791 486 har
814 412 1045 506 Symbolum
1065 416 1191 493 Nicae-

81 550 194 600 -num
210 520 420 620 appellatur
432 517 660 611 Symbolum
683 508 1192 618 Nicoma-Constantinopo-

7 670 9 677 Δ
98 629 280 709 litonum,
307 618 419 717 quod·
427 617 562 690 itidem
578 642 624 689 ex
639 617 900 689 monumentis
919 623 1078 693 Petrum
1095 646 1192 695 enare

96 726 262 802 randum
288 738 400 816 atque
421 716 686 792 illustrandum
704 713 763 789 est.
816 717 1064 816 Symbolum,
1094 721 1194 819 quod

98 815 402 924 Atbunofiunum
436 821 592 906 dicitur,
627 818 676 889 ad
703 818 1008 915 ipsum'quidem
1031 823 1194 895 Athana·

98 921 215 1012 lium,
242 923 524 997 celeberrimum
547 921 658 993 illum
679 919 779 991 inter
792 925 917 993 Patres
942 921 1035 994 sacri
1052 924 1193 997 ordinis

98 1035 331 1109 Ductorem,
358 1024 545 1122 originem
567 1022 672 1093 suam
696 1019 801 1093 haud
816 1019 950 1109 refert,
977 1025 1089 1119 quod
1105 1031 1193 1099 Eru-

100 1130 172 1200 diti
198 1127 345 1199 abunde
360 1126 589 1221 probarunt,
618 1148 660 1194 ac
676 1121 847 1218 quamvis
867 1124 912 1194 de
927 1127 1102 1199 Auctore
1118 1126 1193 1200 aur

14 1232 22 1237 ”
99 1254 160 1303 ma
189 1252 239 1301 na
261 1225 307 1300 fit
331 1224 497 1299 dissensio
524 1225 638 1320 idque
652 1225 725 1315 ,alii
744 1223 885 1320 vigilio
911 1225 1110 1320 Tapsensr,
1133 1226 1194 1300 1111

98 1256 263 1407 Eusebio
287 1325 525 1412 Vercellensi,
559 1327 623 1398 alii
654 1325 853 1399 Vincentio
883 1326 1100 1417 Lerinenfi,
1137 1330 1193 1402 vel

98 1431 288 1523 venantio
304 1435 515 1531 Fortunato
540 1445 653 1522 atque
678 1426 759 1499 aliis
783 1424 970 1511 tribuant3
997 1426 1078 1501 fine
1100 1430 1191 1529 anti·

20 1522 23 1529 ’
101 1534 245 1628 quitate
267 1536 393 1600 tamen
414 1528 639 1620 Symbolum
661 1528 736 1599 hoc
752 1526 852 1598 haud
870 1549 1040 1629 qucurate
1056 1533 1191 1604 intelli·

100 1660 187 1732 gere
203 1650 315 1727 atque
331 1629 567 1723 interpretari
581 1629 685 1714 licet,
713 1626 788 1702 sive
805 1629 852 1700 ad
867 1632 1098 1721 Auctorem,
1122 1632 1192 1707 five

100 1734 150 1807 ad
167 1747 387 1833 argumenta
405 1753 538 1829 resque
556 1730 635 1806 eiua
652 1730 826 1807 animum
840 1730 1094 1809 advertamus.

557 1955 592 2047 §.
646 1954 732 2029 111.

197 2121 389 2221 Sequitur
415 2145 463 2199 ea
489 2119 780 2221 Symbolorum
807 2119 1092 2225 discrepantia,
1117 2144 1188 2225 qm

99 2221 176 2297 ali'a
199 2228 477 2319 occidentalia„
495 2226 570 2297 alia
596 2228 793 2298 orientalia
809 2222 921 2314 sunt,
946 2224 1188 2327 propterdi·

96 2322 326 2399 versrtatem
354 2326 566 2399 nationum
596 2349 641 2398 11
672 2325 998 2424 provinciarum,
1029 2326 1106 2401 ubi
1127 2327 1189 2401 ille

98 2425 261 2498 condita
281 2452 326 2499 ac
342 2451 436 2499 rece
467 2443 504 2499 tu
520 2424 631 2514 sunt,
659 2424 1006 2522 quemadmodum
1020 2426 1109 2528 ipsa
1120 2430 1188 2502 Eo·

54 2560 58 2581 ·
97 2525 213 2600 clefia
234 2521 303 2600 vel
329 2454 587 2601 oc'cirsrintalis
612 2525 687 2614 est,
723 2523 791 2600 vel
818 2526 1039 2602 orientalis.
1093 2532 1189 2605 Ante

97 2628 331 2703 Concilium
364 2629 595 2703 Nicaenum
623 2623 766 2699 itidem
800 2627 907 2726 apud
941 2627 1188 2705 Christianos

96 2729 297 2816 Orientis,
331 2729 393 2800 uti
423 2729 468 2804 in
494 2726 668 2825 Ecclesia¹
699 2725 957 2817 occidentali,
999 2730 1190 2829 Symbola

94 2826 233 2900 1111111
249 2825 375 2916 fuiffe,
395 2829 1010 2929 antiquumonumentaprobant
1025 2830 1188 2907 aesmul

95 2926 332 3019 ostendunt,
369 2952 415 3002 ea
449 2930 569 3004 ctiam
602 2926 678 3003 esse
711 2929 780 3005 vel
810 2930 1093 3033 particularia,
1127 2930 1188 3008 vel

92 3028 345 3103 universalia.

195 3139 254 3206 De
273 3131 463 3234 Symbolis
495 3134 752 3223 orientalibus,
788 3136 816 3210 11
846 3138 1028 3212 notitiam
1059 3164 1186 3215 eorum

92 3233 206 3307 nobis
223 3261 439 3330 comparare
452 3239 645 3322 volumus,
673 3255 818 3332 praeter
835 3241 905 3310 1111
923 3260 1184 3325 monumenta,

92 3343 248 3410 Patrnm
272 3338 385 3408 etiam
415 3336 595 3409 Ecclesiae
617 3340 753 3435 scripta
779 3340 972 3412 consulere
999 3344 1186 3416 debemus.

27 3498 31 3509 .
92 3435 273 3510 Exstitisse
297 3439 477 3530 Symbola
504 3440 594 3510 haec
615 3440 691 3512 iam
715 3459 803 3513 ante
822 3443 1039 3515 Concilium
1062 3447 1184 3517 Nicae-

91 3564 207 3622 num,
236 3538 320 3610 satis
347 3535 396 3610 est
422 3558 577 3611 certum.
630 3548 758 3639 Quum
776 3547 947 3614 Romana
967 3564 1084 3640 atque
1102 3547 1185 3618 11111

92 3637 277 3712 Ecclesiae
304 3640 635 3723 Occidentisante
668 3644 812 3715 dictum
840 3645 1058 3719 Concilium
1083 3653 1183 3741 Sym·

91 3742 181 3811 bola
199 3741 262 3812 sua
283 3739 514 3826 habuerunt,
542 3743 649 3840 quod
667 3763 773 3816 antea
790 3745 1057 3841 probavimus,
1087 3748 1183 3820 nulla

92 3861 245 3936 apparet
265 3843 382 3928 ratio,
410 3869 477 3913 cur
492 3869 573 3916 non
591 3845 691 3917 idem
710 3846 754 3916 de
774 3847 935 3918 Orientis
952 3847 1125 3923 Ecclesris
1143 3846 1182 3921 fit

90 3938 339 4013 statuendum.
401 3945 582 4019 Eusebius
606 3946 848 4020 crelrreensrs
878 3975 997 4041 quum
1020 3951 1064 4021 iu
1089 3957 1182 4023 Con·

91 4045 181 4116 cilio
197 4045 365 4119 Nicaeno
394 4045 429 4117 se
448 4071 467 4118 a
484 4048 694 4143 suspicione
718 4075 854 4147 prorue
878 4050 1074 4124 doctrinae
1099 4052 1180 4127 libe·
