2542 4724
380 286 659 371 Garum.
712 292 748 411 §-
776 290 862 372 139.
1071 292 1148 377 759

49 506 97 557 uc
108 482 321 555 luculenter
336 475 521 567 ostendit,
548 504 634 551 eum
648 505 789 578 magno
807 477 931 553 studio
947 481 1146 558 veritatem

33 570 234 657 'sectatum
246 580 324 653 effe.
375 587 569 678 Leguntur
584 581 782 655 haedere:
808 585 983 655 Io.A1.n.
1000 590 1146 655 Fiam·

52 708 148 757 crus
164 681 339 759 Biblioth.
360 682 463 751 latita.
481 688 546 765 III,
566 678 651 755 504.
668 682 776 775 eique
794 682 1058 781 adiungantur,
1078 685 1145 779 qui

10 872 12 877 Ι
50 784 95 857 in
112 782 221 855 fimili
239 800 462 881 argumento
474 783 609 856 versati
618 782 881 877 suntiliudqne
891 781 1141 856 illustrarunt:

48 891 113 961 10.
145 892 383 957 Scammos
411 888 614 953 Exercitat.
641 884 685 953 dc
719 885 903 955 Eruditor.
930 886 1141 974 Palinodia,
1237 904 1240 909 '

49 986 155 1083 Lips.
176 984 283 1059 1505.
303 985 637 1083 4·².1⁰·HEN¹³¹⁰·
661 989 974 1057 Fnusnmnoms
994 985 1140 1061 Differt.

52 1086 102 1159 de
130 1084 472 1156 Retractationibus
522 1083 818 1183 Theologorum,
854 1079 884 1183 s.
925 1087 1141 1172 Paliuodio,

48 1182 214 1260 Vitemb.
225 1188 334 1259 1711.
351 1185 894 1270 li.‚Io.Hsnn1.nsEasw1cn
912 1187 1139 1263 Sctedtasm.

51 1288 104 1369 de
116 1288 318 1365 Palinodia
332 1290 612 1378 Farraticorttm,
627 1286 789 1365 Vitemb..
808 1284 918 1365 1714.
934 1286 974 1364 4.

508 1594 543 1687 §.
596 1594 684 1672 139.

150 1800 212 1873 Ex
240 1796 315 1887 iis,
350 1819 452 1893 quae
481 1794 613 1870 adhuc
646 1794 697 1871 de
728 1796 911 1874 Patribus
942 1796 1140 1875 Ecclefiae

46 1922 274 1995 eorumque
299 1895 453 1995 scriptis
472 1894 577 1970 dicta
592 1894 703 1986 sunt,
730 1894 848 1973 facile
866 1900 1142 1999 colligendum

44 1999 119 2089 est,
141 1996 254 2075 falsas
275 1998 486 2099 opiniones
506 2022 746 2096 erroresque
761 2000 865 2073 varii
882 2001 1041 2099 generis
1056 2002 1139 2077 iliis

47 2098 195 2190 inette,
223 2122 324 2197 quos
345 2112 486 2172 notare
511 2096 676 2195 quidem
701 2097 916 2190 debemus,
941 2126 988 2173 ea
1004 2117 1140 2176 tamen

47 2202 210 2281 ratione
225 2214 399 2287 utentes,
427 2224 548 2294 quam
564 2200 728 2289 veritas,
756 2223 869 2274 amor
879 2216 996 2298 atque
1008 2202 1143 2299 aequi·

47 2317 111 2377 tas
119 2300 404 2402 praescribunt.
434 2306 542 2403 Quae
559 2301 727 2373 virtutes
741 2300 812 2374 ubi
822 2300 1137 2399 coniunguntur,

48 2404 224 2505 gignunt
239 2400 332 2475 istae
347 2398 668 2476 moderationem
679 2400 961 2501 theologicam,
977 2404 1020 2475 in
1031 2405 1140 2479 Con·

44 2502 254 2579 troverfiis
280 2503 453 2576 maxime
482 2499 743 2603 probandam.
797 2508 909 2607 Quae
933 2506 1068 2576 Patres
1094 2503 1141 2576 in

45 2604 327 2681 monumentis
352 2601 429 2677 suis
454 2605 590 2676 minus
613 2618 722 2677 recte
746 2604 814 2677 vel
830 2619 943 2677 caute
964 2602 1140 2677 tradide-

43 2720 164 2794 runt,
198 2700 267 2778 ilia
297 2704 465 2777 minime
497 2719 663 2804 propter
695 2728 838 2777 eorum
861 2706 1139 2779 auctoritatem

44 2805 286 2909 probamus,
319 2804 447 2905 probe
475 2806 588 2905 gnari
614 2804 896 2883 imbecillitatis
924 2804 1137 2895 humanae,

46 2906 117 2983 cui
137 2904 293 3003 finguli-
309 2904 474 2979 obnoxii
498 2904 665 2981 fuerunt
691 2930 735 2981 ac
758 2931 832 3005 per
858 2930 978 3003 quam
995 2930 1138 2980 omnes

44 3032 135 3085 non
155 3006 285 3080 solum
311 3030 444 3079 errare
465 3022 707 3107 potuerunt,
732 3004 943 3080 sedetiam
968 3006 1137 3081 omnino

46 3122 246 3183 errarunt.
306 3108 491 3183 Attamen
514 3132 627 3181 amor
655 3122 774 3205 atque
801 3108 976 3205 aequitas
1004 3104 1139 3206 postu·

46 3208 152 3295 lant,
177 3223 222 3281 ut
247 3232 406 3282 errores
431 3233 573 3282 eorum
597 3234 683 3283 non
697 3207 1033 3309 perstringamus,
1060 3232 1137 3281 nec

45 3306 155 3429 ipsos
178 3312 314 3383 Patres
344 3324 661 3382 contemnamus.
714 3310 841 3405 Digni
867 3308 956 3381 sunt
979 3306 1139 3381 excusa·

44 3424 184 3498 tione,
220 3410 399 3506 haecque
432 3410 600 3483 omnino
626 3404 717 3483 fieri
741 3407 878 3497 debet,
916 3407 1138 3482 ssiustitiae

44 3510 182 3611 legem
205 3509 317 3608 sequi
340 3510 536 3599 velimus,
564 3536 656 3584 cum
682 3524 848 3610 propter
866 3510 1059 3613 temporis
1076 3534 1140 3583 ra·

10 3670 17 3697 ,.
44 3610 223 3699 tionem,
253 3636 330 3707 qua
347 3612 549 3683 Doctores
566 3611 626 3685 illi
641 3612 843 3697 vixerunt,
871 3626 956 3683 tum
971 3627 1138 3711 propter

44 3710 273 3787 litterarum
303 3710 466 3795 statum,
503 3736 604 3807 quac
637 3726 762 3785 aetate
793 3710 862 3784 ista
897 3707 1136 3789 floruerunt.

10 3810 21 3871 '·
44 3814 218 3889 Errores
245 3827 378 3887 autem
403 3812 475 3913 ipli
492 3815 655 3885 Patrum
675 3812 907 3908 requirunt,
935 3827 979 3884 ut
996 3810 1140 3913 scripta

11 3924 194 3989 'eorum
218 3939 310 3987 cum
334 3911 486 3985 iudicio
514 3938 558 3985 ac
581 3910 662 3988 fine
683 3914 858 4013 partium
877 3912 1006 3987 studio
1031 3912 1139 4013 lega·

43 4036 162 4101 mus,
191 4038 311 4111 quam
331 4014 374 4085 in
397 4039 486 4087 rem
503 4012 716 4087 doctorum
732 4014 924 4087 Virorum
939 4013 1032 4087 libri
1056 4016 1140 4091 huo

10 4200 12 4207 ,
41 4110 266 4217 spectantes
298 4112 453 4191 coniuii
484 4110 665 4218 poffunt,
699 4114 814 4192 cuius
841 4114 1002 4216 generis
1026 4112 1138 4193 [tants
