2542 4724
117 276 197 349 770
422 258 527 339 :Gt
555 276 592 331 r.
625 258 707 331 xv.
759 248 911 341 §.tte

121 487 172 540 ex
189 444 464 534 Eruditonrm,
500 452 695 541 quotquot
724 439 772 515 ub
786 438 971 540 'origenis
1000 455 1131 515 aetatu
1154 438 1226 517 tue

122 578 233 646 runt,
257 542 826 647 interpretum-Commentariis·
841 542 923 639 peti
943 542 1112 639 poliunt
1123 542 1227 617 subii·

125 666 207 747 die,
233 656 373 751 quibus
396 648 563 748 cognitis
588 639 828 717 manifestum
851 640 922 729 est,
947 669 1035 717 non
1059 646 1119 719 ito
1140 648 1227 719 moi·

125 785 212 839 tum
239 755 336 829 novi
359 751 617 823 recentiorum-
627 747 883 839 :interpretum
910 743 1119 845 diligentia
1144 746 1227 819 tnti-

127 864 213 963 quis
231 858 406 931 additum
424 849 503 923 effe.
556 854 629 921 Pro
645 845 927 939 notisquidem
939 871 1063 942 quum
1073 848 1227 944 plurime

126 963 256 1041 habita
286 959 541 1047 sunm-:quam
574 946 807 1041 fientiquot
842 949 1000 1045 legerit,
1037 966 1226 1049 agnoscat,

119 1065 248 1154 nihil,
275 1056 383 1153 quod
405 1072 487 1125 non
513 1049 656 1145 saepius
686 1066 724 1120 et
739 1046 932 1119 interdum
956 1051 1084 1149 longe
1100 1052 1226 1123 melior

131 1161 300 1260 aprieeis
327 1156 473 1227 dietum
487 1150 551 1237 fit,
577 1150 787 1223 continere..
833 1156 969 1242 Neque
984 1152 1018 1223 is
1035 1178 1139 1225 mox
1153 1152 1229 1223 inu·

124 1265 238 1341 ,fitero
269 1256 423 1355 quaevis
447 1253 678 1350 opinionum
697 1268 918 1323 eommentu
948 1253 1142 1339 miretur,
1173 1258 1233 1325 eut'

129 1367 179 1439 ad
194 1388 235 1435 ea
246 1379 438 1454 tamquam
454 1354 582 1428 nescio
600 1374 806 1449 quaenova
816 1349 985 1425 monstro
996 1371 1229 1450 expaveeott.

132 1466 275 1561 quippe
297 1462 365 1556 qui
386 1457 517 1545 eudem
542 1453 751 1555 identidem
758 1505 778 1547 ,Ι
804 1454 962 1526 mutatis
978 1457 1228 1545 [nominibus.

131 1550 174 1641 in
188 1557 566 1659 medium.protrahi‚
593 1574 632 1628 et
640 1602 658 1641 ,·
677 1579 775 1650 queo
788 1556 849 1627 vel
869 1556 1042 1631 maxime
1069 1560 1231 1631 obsolett

129 1670 230 1753 sunt,
256 1662 506 1759 seepojdenuo
521 1655 840 1752 novitatqupeeie
855 1658 1140 1747 commendari,
1165 1654 1231 1729 uffi-

138 1770 217 1841 duo
236 1773 415 1853 Veterum
432 1756 501 1847 usu
518 1775 757 1858 compertum
773 1756 934 1831 habent?
971 1764 1076 1835 Rem
1091 1760 1231 1833 inaudi-

135 1890 215 1943 tam
240 1865 413 1962 prorsus,
437 1862 690 1959 proponendo
709 1860 857 1953 iuniore
879 1860 1051 1956 quadum
1075 1864 1230 1959 Scripto-

133 1997 222 2045 rum
246 1967 467 2051 divinorum
488 1965 866 2061 ‚interpretandor-um
886 1964 1000 2061 iege,
1042 1960 1229 2061 suscepilit

132 2070 265 2149 multis
282 2068 382 2142 visus
399 2064 449 2141 est
464 2071 649 2157 Kentz'es.¹
691 2066 752 2137 Illi
770 2089 880 2150 vero,
911 2088 1025 2137 novo
1054 2068 1229 2162 interpre-

132 2172 291 2247 tationis
312 2172 504 2265 practicae
519 2170 695 2252 nomine,
723 2167 814 2237 sein
830 2190 996 2237 errorem
1015 2168 1162 2241 abduci
1176 2192 1229 2265 pt·

132 2278 292 2347 tiuntur.
344 2276 444 2343 Nam
468 2270 568 2341 idem
595 2267 672 2340 fere
689 2287 775 2339 ante
791 2268 937 2339 multos
954 2292 1088 2341 annos
1104 2270 1147 2341 in
1161 2270 1230 2343 An·

135 2378 231 2475 glia,
266 2374 393 2459 malo,
426 2388 470 2441 ut
491 2369 624 2445 multis
641 2369 861 2453 ridebatur,
888 2370 929 2439 in
956 2374 991 2441 S.
1023 2373 1229 2468 Scriptura

133 2478 285 2561 animo,
327 2491 452 2570 egerat
488 2470 619 2543 Thone.
649 2461 916 2566 Woolstonius‚
951 2496 1075 2566 quam
1115 2475 1229 2545 luben

132 2578 309 2676 equidem
326 2574 566 2647 celeberrimo
583 2570 816 2667 Philosopho
834 2572 1156 2669 Regionronteno
1174 2574 1229 2647 ad·

131 2679 255 2776 [pergi
271 2676 404 2747 nolim.
456 2681 542 2746 Imo
567 2698 658 2747 vero
679 2674 850 2768 untiquis
873 2670 953 2757 iem
977 2674 1053 2749 diu
1069 2676 1228 2775 cognita.

132 2801 171 2854 et
197 2778 329 2851 multis
361 2802 496 2849 eorum
531 2775 690 2870 probatu
717 2770 799 2847 fuit.
824 2774 1111 2869 interpretandi
1141 2779 1229 2850 ratio

133 2882 338 2963 Kontinna,
370 2878 420 2948 ad
453 2878 698 2975 allegoricam
730 2876 869 2947 seilicet
902 2878 1087 2973 Origerrr's
1120 2880 1228 2963 illum.

22 2998 26 3005 '
133 3008 230 3081 qnae
246 3006 311 3077 per
336 2978 464 3051 omnia
481 2978 623 3049 saecula
647 2977 779 3049 multis
795 2978 957 3072 placuit,
975 2980 1227 3053 conformate.

235 3082 274 3153 Si
295 3105 383 3152 vero
407 3079 542 3172 aliquis
558 3078 784 3151 eruditionis
805 3077 1028 3151 neeeiioriae
1055 3102 1228 3179 apparato

131 3185 220 3259 satis
243 3178 444 3253 instructus
475 3197 529 3267 et,
545 3180 706 3251 omnino
740 3180 883 3274 peritus
909 3180 1128 3276 interpres,
1162 3182 1227 3281 qui.

129 3280 261 3380 liquis
280 3282 387 3367 alius,
405 3280 556 3376 propria
574 3278 720 3378 ingenii
732 3282 810 3353 acie
826 3306 868 3353 nc
883 3281 1227 3359 subtilitateveruu

130 3389 277 3469 videre,
320 3401 433 3477 utque
466 3383 561 3453 adeo
588 3370 766 3453 vireium
804 3383 997 3453 sacrorum
1032 3387 1224 3459 [entenuu

131 3488 256 3559 ubivis
273 3484 429 3556 scienter
444 3499 568 3555 tenere
584 3481 686 3578 poIIe
702 3481 769 3555 fibi
785 3483 970 3555 videatur.
1031 3488 1097 3559 An
1112 3508 1222 3560 tameo

129 3596 307 3663 Veterum
325 3583 468 3680 seriptis
495 3610 583 3655 eum
608 3609 730 3665 carere
757 3582 859 3680 poffe
884 3584 1076 3661 censeris?
1118 3586 1220 3663 Nimi-

129 3718 218 3762 rum
235 3686 449 3780 interpreti,
477 3688 544 3777 qui
560 3683 634 3757 hoc
650 3686 808 3756 nornine
824 3686 964 3781 dignus
983 3690 1217 3785 appellandus

128 3790 193 3874 iit,
227 3807 312 3860 ante
331 3788 586 3883 onrnialcuroe
606 3784 655 3857 est
674 3785 883 3883 disquiiitio
905 3789 953 3859 de
967 3790 1151 3861 lectionis
1166 3790 1215 3857 be·

127 3894 257 3963 nitate.
310 3893 369 3959 De
385 3914 426 3960 eu
445 3913 537 3961 vero
555 3905 599 3959 ut
615 3886 776 3971 constet,
807 3913 894 3959 curn
912 3892 1100 3986 antiquos
1116 3894 1212 3963 libros

128 3994 168 4065 in
195 3989 393 4062 confilium
425 3990 550 4062 vocari
583 4006 776 4083 oportent,
809 3991 875 4085 qui
903 4014 987 4060 non
1031 3993 1208 4087 intelliget.

125 4114 311 4189 quantum
335 4091 447 4186 pretii
470 4090 528 4165 his
544 4090 798 4186 Scriptoribus
824 4087 1071 4165 statuendum
1093 4090 1153 4178 fir,
1175 4110 1206 4161 cx
