2542 4724
40 244 280 359 ι11191,
445 226 979 379 naamam(

94 456 97 461 ’
128 444 245 539 dieser
261 465 417 561 Maagel
440 462 559 561 geben
584 460 644 533 dia
660 460 857 546 Censoriae
876 451 1229 561 Magdeburgeases

130 564 246 639 durch
264 563 612 637 alleIahrhunderte
624 563 665 633 in
683 563 768 633 dem
783 561 928 658 Capite}
943 562 1230 633 chectrina.“

66 738 70 745 ,
230 672 274 739 In
292 664 539 761 proponenda
570 683 606 736 et
631 663 851 751 recensenda
867 669 1021 735 Parrum
1043 659 1229 735 Ecclesiae

129 767 328 865 theologia
347 767 485 839 morali
499 766 593 837 v-arii
612 765 692 836 Viri
708 754 861 860 operam
878 763 1107 858 posuerunt,
1134 762 1232 836 inter

128 889 230 961 quos
246 892 326 939 non
343 865 419 943 fine
441 866 552 939 laude
565 866 823 937 nominandus
841 861 891 937 est
915 870 1046 936 Genti.
1058 870 1229 939 Tneon.

129 974 342 1041 Mmeuus.
403 968 532 1041 Edidit
562 968 627 1039 ille
657 968 977 1044 Introductionem
1013 968 1053 1035 in
1084 969 1230 1036 univer·

120 1063 210 1170 sura
226 1069 440 1155 theotoniae
457 1070 627 1152 moralis,
656 1094 740 1138 cara
761 1069 1014 1167 dogmaticae,
1042 1081 1128 1136 turn
1143 1092 1231 1162 pra·

15 1200 18 1207 ·
130 1172 323 1269 gmaticae
336 1126 515 1267 studium,
542 1164 695 1241 Helmst.
726 1167 835 1243 1671.
855 1166 907 1253 ll„
936 1166 1053 1263 eique
1068 1191 1156 1239 non
1175 1168 1231 1240 so·

130 1272 214 1343 lum
247 1289 513 1369 argumentum
535 1271 580 1342 de
596 1270 673 1369 ipsa
694 1269 887 1367 theologia
904 1268 1061 1353 morali,
1080 1268 1132 1339 de
1146 1292 1230 1341 vera

132 1372 212 1444 eius
237 1370 396 1459 essentia,
422 1373 468 1443 de
487 1372 621 1457 modu,
639 1396 727 1466 ,quo
752 1368 817 1443 ista
843 1370 1012 1443 docenda
1027 1368 1073 1441 stt
1089 1372 1231 1466 pariter

93 1544 98 1551 ,
131 1496 176 1544 ac
200 1472 393 1560 discenda,
428 1475 624 1573 explanat,
662 1472 864 1544 sedetiam
890 1473 1100 1567 Scriptores
1125 1473 1231 1544 theo·

22 1630 34 1673 Ι.
129 1572 258 1672 lagiae
283 1576 417 1660 huius,
445 1592 556 1668 atque
578 1574 618 1643 in
643 1572 702 1645 his
717 1575 845 1646 Patres
867 1573 1067 1673 diligenter
1083 1588 1230 1645 enat-rat

132 1698 176 1745 ac
200 1675 246 1746 de
266 1676 340 1748 illis
364 1676 584 1747 sententiam
611 1675 714 1746 suam
732 1673 932 1771 significat.
983 1673 1088 1744 addi
1110 1670 1230 1769 potest

129 1777 208 1847 An.
236 1781 419 1861 Benaco„
449 1776 514 1872 qui
540 1777 580 1845 in
605 1777 670 1847 der
691 1777 987 1875 Einseitarrgzur
1002 1766 1229 1869 christlicheu

131 1875 352 1949 Sitscalestre
373 1902 413 1975 p.
443 1875 517 1950 176
546 1876 623 1972 sqq.
652 1878 698 1948 de
721 1884 875 1949 Petrum
902 1871 1229 1949 ecclesiasticorum

130 1976 326 2076 theologia
348 1978 486 2053 morali
509 1979 622 2053 etiam
651 1978 833 2074 quaedam
857 1994 1140 2051 commentatus
1162 1974 1226 2059 esst

129 2077 307 2173 pauciora
326 2097 453 2152 tamen
476 2080 541 2153 illa
559 2079 656 2152 sunt.
708 2079 917 2151 Memorari
937 2102 1095 2174 quoqne
1111 2075 1226 2175 potest

131 2184 275 2250 Ioacn.
292 2186 501 2266 Latratus,
529 2181 594 2274 qui
613 2180 705 2252 dum
722 2178 910 2252 historiam
926 2179 1224 2277 pseudadiapho·

130 2276 290 2351 rislicam
300 2280 449 2358 exhibet
459 2281 499 2352 in
508 2280 752 2360 Antibarbar.
765 2280 1010 2352 orthodoxiae
1019 2281 1222 2376 dogmatis.

131 2380 402 2457 srenacueatica
424 2389 521 2455 Part
544 2388 608 2454 111.
635 2409 672 2479 p.
701 2384 751 2455 s-'s
777 2383 869 2478 sqq.¹
895 2378 1057 2453 studiose
1075 2406 1224 2479 quoque

130 2486 257 2554 Patres
282 2482 461 2555 Ecclesiae
482 2485 622 2568 laudat,
650 2485 695 2554 ab
722 2480 963 2579 Adiaphoria,
990 2484 1050 2552 uti
1076 2486 1222 2567 dicitur,

129 2585 287 2666 alienos,
303 2585 384 2656 imo
396 2585 452 2655 illi
464 2583 649 2669 adversos,
666 2585 890 2683 Spectaculis
901 2584 1099 2670 nimirum,
1118 2592 1223 2657 Exer-

132 2685 378 2758 citationibus
396 2686 572 2770 ludicris',
602 2687 1032 2771 Saltationibus,10cis,
1060 2686 1222 2759 Musicae

130 2785 261 2861 abusui
280 2788 436 2882 aliisque
452 2784 634 2861 similibus
645 2788 868 2859 actionibus.
910 2792 1129 2860 Innumero
1145 2790 1222 2860 illo·

129 2913 215 2961 rum
239 2886 326 2958 sunt
352 2895 684 2963 Terrettrauus
710 2890 758 2960 ob
775 2890 914 2963 librum
933 2889 979 2965 dc
1000 2888 1224 2984 Spectaculis

130 3004 242 3081 atque
257 2990 549 3088 Apologeticraa
565 2992 650 3061 ado.
667 3006 797 3090 gentes
805 3017 821 3069 ‚·
837 2995 1078 3063 caparra-es
1100 2991 1150 3063 ob
1165 3016 1221 3061 va·

129 3088 201 3160 rias
210 3083 407 3185 Epiflosas,
420 3092 743 3189 quibusnonnulsi
753 3093 897 3165 addunt
911 3091 1082 3165 eiusdem
1091 3095 1221 3164 Libros

130 3188 177 3261 de
202 3188 429 3284 Spectaculis
455 3213 565 3287 atquo
592 3195 636 3265 de
660 3191 922 3271 Aleatoribusr
949 3218 1016 3264 eos
1049 3213 1220 3266 autema

129 3294 321 3389 Cypriane
339 3293 440 3366 haud
458 3297 615 3391 scriptos
631 3294 709 3379 esse,
728 3291 869 3367 constat
877 3318 887 3380 3
909 3293 1001 3367 item
1020 3300 1218 3369 Cremera

127 3394 256 3480 Alea,
275 3397 508 3483 Annorum,
529 3403 812 3481 Lacrturrus,
830 3398 1123 3482 Aucusrrtccs,
1139 3403 1220 3469 Aar-

129 3520 320 3579 aaosros,
340 3503 849 3585 SALVIANUS,TAT1ANUS,
871 3502 1218 3577 Caursosronts,

128 3603 371 3671 Gnaoomua
389 3603 572 3673 Naziarrz.
626 3604 764 3670 Omnes
782 3600 874 3683 hos,
891 3616 1087 3691 tamquam
1107 3595 1217 3677 telles,

127 3723 174 3771 ex
202 3697 424 3795 antiquitate
456 3697 648 3772 christiana
680 3707 868 3771 laucius
902 3698 1080 3780 adducit,
1116 3693 1217 3770 effata

128 3824 262 3873 eorum
296 3801 479 3885 recenset,
508 3804 643 3897 quibus
668 3800 891 3896 opinionem
917 3800 961 3869 de
988 3798 1217 3896 Adiaphoria

126 3904 351 3988 reiecerunt,
377 3905 496 3977 veluti
523 3931 601 3976 rem
620 3905 732 3975 avita
752 3926 795 3972 ac
812 3899 1006 3994 disciplina
1024 3925 1113 3972 vere
1130 3899 1216 3972 chri·

124 4004 238 4078 stiana
263 4008 433 4078 alienam.
486 4011 575 4075 Prae
601 4007 751 4077 caeteris
775 4026 880 4086 vero,
906 4001 974 4095 qui
1000 4001 1048 4072 de
1069 4007 1216 4074 Patrunt

127 4106 451 4183 ecclesiasticorum
469 4106 639 4183 doctrina
651 4102 789 4181 tuorali
805 4119 975 4203 egemus,
993 4100 1215 4181 nominandi
