2542 4724
782 86 800 115 Χ

107 268 184 367 aar
329 214 332 219 ’
470 278 551 345 ω
580 292 616 345 a·
642 276 720 349 vn.
758 230 940 395 W,

24 468 29 477 '
102 451 177 561 βω,
203 456 353 547 ,Exstat
376 434 657 531 Corirnrentatio
683 460 775 543 haec
797 459 838 528 in
870 446 1126 559 Obffsele'ctt.
1153 456 1208 527 ad

116 560 195 632 rerlr
220 561 375 631 litterar.
393 554 579 659 [preerant.
605 565 660 642 11,
696 560 756 632 89.
825 560 963 653 Aperte
998 581 1154 652 quoque
1189 582 1212 627 a

116 680 215 736 recta
263 662 552 761 argumentandi
599 658 746 733 ratione
790 658 948 745 discedit
988 664 1212 731 Errrrra·

41 816 44 822 -
118 788 260 847 urus,
305 762 371 860 qui
403 788 522 859 quum
553 758 892 846 monstrarerult,
940 760 1103 833 Mariam
1126 754 1216 855 post

57 946 61 953 ,
117 864 345 939 Mortaliunt
377 870 631 945 Servatorem‚
681 864 815 953 ‚Jesunr
855 858 1004 947 chria,
1062 878 1213 944 natum,

119 990 200 1037 non
219 966 310 1037 alios
330 948 681 1061 liber'trsfreperill'e,
707 965 760 1035 ita
776 964 1038 1036 ratiocinatum
1072 968 1216 1059 Quem,-

123 1066 333 1153 admodum
360 1062 507 1137 Leaena
534 1066 693 1137 unicum
725 1083 874 1141 tanturn
900 1066 1000 1161 parit
1028 1065 1216 1145 catulum,

97 1168 192 1243 ‘ita'
215 1168 350 1239 Maria.
371 1169 529 1239 unicum
563 1184 714 1238 tantum
748 1166 870 1237 filium
900 1192 943 1237 ac
978 1172 1218 1238 Servatorem

122 1268 163 1339 in
179 1270 303 1341 lucem
320 1269 437 1340 edidit
445 1296 456 1353 ;
498 1292 592 1365 quae
616 1267 893 1366 argumentatio
918 1264 1008 1339 falsa
1033 1292 1075 1339 ac
1097 1291 1219 1361 prava

124 1366 174 1459 est
191 1395 277 1457 cum
293 1370 333 1439 in
351 1369 418 1442 sno
436 1370 636 1465 principio,
657 1371 826 1441 leaenam
841 1394 908 1464 per
925 1392 1080 1441 omnem
1094 1368 1220 1441 vitam

68 1488 72 1493 '
103 1522 106 1527 -
123 1470 280 1543 unicum
297 1488 446 1547 tantum
464 1472 632 1544 catulum
645 1482 785 1565 parere,
803 1466 888 1543 tum¹
902 1470 943 1541 in
960 1466 1218 1551 conclufioue,

125 1596 245 1667 quum
269 1571 333 1642 illa
360 1568 379 1645 a
405 1573 531 1643 leaena
556 1572 603 1643 ad
625 1572 812 1669 virginem
834 1572 997 1645 Mariam
1019 1594 1222 1667 perperam

125 1670 340 1745 instituitur.
375 1673 575 1773 Legendus
594 1670 643 1748 est
658 1678 921 1747 Errrrraarus
946 1672 1023 1768 ipse
1047 1672 1089 1741 iu
1112 1676 1222 1741 Hae·

23 1818 31 1869 g
126 1768 190 1873 rrs.
211 1766 473 1869 LXXVIIL‘p.
494 1772 603 1847 tot-t.
659 1774 819 1870 Quando
838 1780 1113 1846 Lacraurrus
1132 1772 1220 1845 Lib.

126 1879 173 1945 ΙΙ.
199 1865 315 1971 Iefiit.
343 1876 453 1949 divin.
476 1880 563 1971 Cap.
583 1876 639 1961 2,
673 1894 804 1946 contra
829 1872 1121 1947 simulacrorum
1139 1876 1222 1945 cui·

129 1992 211 2047 tum
229 1976 409 2071 disputat,
443 1976 704 2049 ratiocinando
722 1994 941 2077 argumenta
960 1970 1085 2061 affert,
1101 2052 1105 2061 ,
1123 2000 1223 2073 quae

128 2075 237 2161 falsa,
265 2080 384 2149 immo
405 2078 528 2175 inepta
552 2079 647 2151 suut.

227 2186 306 2251 Nec
316 2178 565 2251 monumenta
580 2186 733 2251 Parrum
750 2177 929 2253 Ecclesrae
940 2180 990 2273 ¹ad
1006 2206 1079 2253 nos
1098 2180 1225 2254 deleta

84 2288 100 2338 ·'
130 2280 236 2365 sunt,
272 2281 408 2377 quibus
427 2283 488 2353 vel
508 2282 553 2352 de
571 2282 647 2377 ipsa
674 2300 750 2352 arte
766 2283 910 2379 logica,
945 2283 1072 2379 uelde
1094 2280 1225 2381 lingu-

128 2384 267 2454 laribus
300 2384 402 2455 illius
429 2384 658 2479 argumentis
686 2385 941 2479 praeceperint
972 2410 1014 2455 ac
1046 2386 1225 2480 quamvis

128 2486 315 2563 nonnulla
348 2484 484 2554 adduci
518 2484 682 2570 soleant,
722 2486 763 2554 id
788 2492 1017 2556 tamennon
1041 2486 1225 2581 probant,

41 2612 44 2617 ·
130 2584 235 2679 quod
251 2584 571 2678 probarcdebcnt.
621 2588 900 2658 Provocantad
917 2590 1106 2683 Principia
1126 2592 1226 2659 Dia·

132 2687 290 2767 lecticas,
327 2708 421 2779 quae
450 2689 689 2758 Aucus'rrnr
724 2712 867 2758 nomen
894 2712 981 2783 prae
1008 2688 1041 2759 se
1069 2686 1225 2775 seruum

130 2805 387 2885 repugnarunt
405 2805 530 2861 autem
549 2785 748 2861 doctiffimi
767 2790 846 2859 Viri
870 2809 980 2884 atque
998 2791 1037 2860 in
1056 2791 1116 2861 his
1135 2796 1225 2863 Mo·

131 2888 243 2957 nachi
264 2888 516 2975 Benedictini,
556 2892 597 2959 in
618 2892 834 2985 Appeudice
858 2898 969 2961 Tom.
987 2898 1014 2963 1.
1045 2894 1224 2987 Operum.

33 2984 36 2989 ’
131 2988 813 3089 AarcrnsMaar,1us·TonQnarcs
848 2998 1086 3065 Saveurrus
1119 2996 1226 3067 Boti-

136 3114 263 3160 ruurs
283 3090 415 3185 scripta
440 3093 611 3187 quidem,
646 3094 693 3163 ad
711 3093 946 3187 disciplinam
963 3094 1131 3191 logicam
1152 3094 1227 3191 spe·

135 3192 290 3277 cantia,
318 3195 532 3289 composuit
554 3220 596 3265 ac
616 3212 895 3295 pommentatus
912 3192 961 3265 est
985 3182 1026 3264 in'
1041 3188 1226 3293 Aristote-

136 3292 178 3361 lis
193 3295 434 3391 (ildegarius,
455 3298 494 3366 in
511 3298 649 3367 librum
669 3298 746 3367 eius
768 3296 812 3367 dc
828 3301 1161 3390 interpretatione,
1185 3298 1227 3369 in

135 3393 300 3465 eiusdem
327 3398 535 3497 Analytr'ca
557 3400 685 3493 priora
711 3412 747 3467 et
770 3390 996 3493 posteriora,
1022 3399 1062 3467 in
1085 3401 1227 3473 Libras

140 3496 363 3589 'l'opicorum
387 3515 422 3569 ct
446 3500 694 3571 Elearclrorum
716 3490 1012 3600 soplzislicorrau.
1074 3498 1229 3599 Scripsit

135 3596 246 3666 etiam
272 3600 587 3673 Introductiouem
611 3602 662 3671 ad
689 3604 919 3697 categoricos
948 3602 1229 3699 Syllagisurosa

134 3696 270 3771 Libros
290 3701 385 3772 duos
407 3705 451 3773 de
469 3705 699 3802 Syllegismo
721 3706 956 3799 categori003
1000 3703 1166 3775 Librum
1186 3704 1231 3775 de

133 3800 225 3877 Diri
240 3792 346 3879 r'aae;
375 3802 419 3874 de
436 3802 680 3903 Drsinitiaaffi
709 3828 804 3898 quae
822 3804 1056 3875 coniunctim
1073 3804 1232 3897 prodie-

134 3918 223 3971 runt
248 3904 502 3981 Venetsiiil.
529 3904 597 3976 fol.
634 3923 670 3974 et
693 3909 772 3975 Par.
793 3908 899 3979 1510.
929 3909 985 3978 ll.
1021 3906 1092 3975 sol.
1160 3906 1231 3977 Sed

133 4024 226 4091 qnae
244 4003 293 4071 ita
310 4025 567 4080 momorantur
579 4006 794 4077 deBocthio
813 4030 853 4075 ac
869 4008 1003 4101 logicis
1016 4009 1097 4077 eius
1110 4009 1230 4087 libris.

132 4100 177 4167 ad
197 4103 324 4175 lacum
344 4108 444 4181 lrunc
461 4109 561 4181 haud
576 4109 783 4203 pertinent,
812 4132 929 4200 quum
954 4109 1142 4179 Boethius
1166 4116 1231 4179 Pa·

131 4200 249 4275 tribus
277 4210 476 4295 Ecclesiae,
523 4212 567 4280 de
595 4210 730 4305 quibus
757 4210 868 4279 verba
899 4207 1080 4291 faciunts,
1128 4210 1231 4283 haud
