2542 4724
406 322 490 397 or
518 345 554 393 a.
589 308 667 393 nr.
714 318 747 412 §·
775 318 836 393 ro.
1099 290 1180 439 iri·

83 514 204 595 rium,
223 508 363 581 librum
383 510 427 579 de
445 507 633 579 Mortibus
652 502 959 607 Perfirquutorunz
973 494 1178 579 Lactantio'

85 612 380 694 abiudicarrtem,
415 614 574 705 itemque
597 608 780 708 Syrrrbolo
798 612 925 679 critica
946 610 997 679 ad
1012 614 1177 678 Lactan-

85 718 200 798 tium',
235 712 575 785 Hanov.1722.8.
636 714 873 781 Memoratur
893 712 1049 805 'quoque'
1075 702 1177 781 Lac}

86 835 251 887 aanor!
274 819 430 885 Carmen
459 814 503 881 de
527 816 653 882 itinere
675 814 750 881 eius
777 838 822 881 eac
844 803 981 905 Africa
1002 810 1176 881 Nicome-

86 918 350 1010 diamusque,
393 914 499 1009 quod
527 932 652 984 antem
676 913 720 983 ab
746 912 902 985 interitu
928 912 964 985 se
988 910 1179 985 vindicare

85 1018 194 1091 haud
214 1018 353 1113 potuit.
1172 1026 1179 1079 'r

191 1146 413 1225 Erramus,
440 1143 628 1213 Pictauieu
643 1162 673 1211 is
689 1139 823 1237 Episc.‚
850 1140 916 1212 sub
933 1140 1039 1213 cuius
1056 1139 1180 1213 nomi·
1205 1206 1208 1211 .

87 1266 142 1319 ne
160 1242 307 1341 prodiit
331 1243 482 1337 quidem
510 1247 610 1313 Gerre
624 1267 654 1313 rs
677 1242 714 1313 s.·
731 1246 992 1313 Hexaemeron
1016 1242 1064 1313 ad
1084 1246 1180 1313 Leo·

87 1350 362 1439 neur·1’apam,
406 1344 568 1415 carmine
592 1345 720 1440 epico;
759 1343 856 1415 illud
880 1362 1004 1415 autem
1028 1367 1110 1414 non
1134 1342 1180 1414 ab

88 1448 187 1531 hoc,-
200 1446 263 1517 sod
279 1444 324 1515 ab
341 1445 415 1515 alio
426 1445 571 1516 Hilario
587 1446 748 1529 iuniore,
768 1469 889 1539 eoque
905 1444 1074 1515 Praesule
1088 1446 1180 1515 Are·

90 1542 225 1623 artensi
239 1542 492 1640 compositum
518 1545 596 1630 esse,
624 1546 761 1619 eruditi
779 1546 859 1617 Viri
874 1570 956 1617 non
973 1544 1047 1617 srne
1064 1542 1182 1616 caussa
1231 1546 1235 1555 '

91 1648 314 1725 flamarum.
368 1650 423 1718 Aa
439 1648 609 1741 quamvis
633 1673 781 1719 carmen
797 1649 872 1719 hoc
892 1650 933 1719 in
950 1647 1183 1718 editionibus

92 1748 323 1847 quibusdam
346 1753 385 1817 Η
396 1770 410 1815 1
423 1768 448 1816 L
460 1770 484 1816 Α
495 1768 523 1817 n
535 1770 579 1819 11
597 1752 740 1819 Pictov.
763 1750 925 1843 Operum
938 1751 1069 1821 locum
1088 1746 1185 1818 obri·

92 1851 242 1933 nnerit,
268 1846 442 1921 omissum
460 1867 585 1921 tamen
604 1847 728 1944 postea
751 1846 801 1921 est
819 1867 929 1945 atque
947 1848 1184 1922 aMoneclris

93 1949 350 2027 Benedictinis
382 1951 423 2023 in
447 1952 582 2021 Hilarii
608 1947 844 2021 Pictavienfis
874 1951 1061 2034 editione,
1101 1955 1183 2021 Par.

95 2052 211 2129 1693.
239 2050 330 2134 fol,
357 2053 527 2149 vulgata,
555 2053 652 2122 inter
669 2052 875 2121 adulterina
892 2052 1067 2146 Episcopi
1082 2050 1184 2121 illius

95 2155 232 2249 scripta
258 2154 427 2224 relatum.
480 2160 623 2225 Lucem
646 2154 743 2223 vidit
763 2156 919 2223 Carmen
946 2155 1020 2223 lroc
1046 2152 1185 2246 separa·

98 2256 192 2339 tim,
217 2252 285 2327 sub
311 2255 469 2326 nomine
490 2255 626 2326 Hilarii
641 2248 875 2325 Pictariensrs
893 2278 934 2325 ac
958 2280 987 2324 c.
1005 2253 1109 2323 notis
1128 2258 1185 2325 Io.
1239 2336 1244 2347 ¹

97 2364 317 2438 werrzrr,
344 2355 439 2427 Frcs.
460 2354 567 2430 1625.
593 2358 628 2429 8.

202 2498 358 2563 Florus
376 2493 552 2561 Maurus
570 2496 857 2572 Vrcronrnus,
883 2488 985 2571 Afer,
1012 2486 1189 2581 cuimin-¹

100 2588 261 2667 «lustriae
277 2592 472 2663 debemus:
501 2596 655 2663 Carmen
673 2593 719 2662 de
733 2589 923 2663 Fratribus
938 2586 1187 2673 Maccabocis,

99 2694 305 2791 interjectis
322 2690 370 2762 ab
385 2696 553 2764 Antonio
570 2693 777 2789 Epiphane,
805 2693 910 2785 quod
926 2690 1108 2764 nonnulli
1122 2690 1190 2761 Hi·

101 2796 201 2871 lario
225 2790 446 2877 Arelatensi,
485 2796 548 2865 vel
577 2794 642 2865 alii
665 2795 850 2867 tribuunt„
910 2794 1013 2865 Editi
1038 2814 1190 2887 quoqne

103 2898 193 2971 sunt
211 2896 277 2967 sub
295 2895 450 2966 nomine
467 2896 545 2967 eius
564 2898 711 2994 Hymni
727 2915 800 2967 tres
819 2896 864 2969 de
885 2897 1085 2976 Trinitate,
1105 2908 1205 2963 cum·

103 3000 579 3079 narirnana.ssrv1a1;
626 2998 726 3069 inter
759 2996 796 3066 S.
822 2998 1009 3091 Reliquias
1034 2995 1193 3065 duorum

107 3103 401 3180 Victoriaorum,
420 3097 463 3167 ab
481 3096 561 3195 ipso
579 3097 706 3181 editas,
736 3099 848 3169 Goth.
861 3096 969 3171 1653.
988 3096 1023 3169 8.
1051 3120 1088 3190 p.
1105 3094 1192 3167 208:

209 3242 425 3317 Damasus,
449 3232 702 3328 Episcllom..
729 3233 793 3328 qui
812 3232 929 3302 malta
948 3231 1119 3302 Carmina
1136 3254 1194 3299 ro·

105 3337 233 3437 liquit.
283 3336 392 3406 Plura
410 3335 563 3431 collegit
581 3358 622 3405 ac
638 3334 741 3406 notis
757 3330 952 3404 illullravit
967 3335 1106 3404 Anna.
1124 3334 1195 3402 nr·

109 3460 241 3511 vanus
261 3438 301 3507 in
318 3438 532 3519 volumine,
560 3436 672 3511 cuius.
689 3435 881 3530 inscriptio
899 3432 965 3506 est:
999 3424 1195 3531 Damasi

112 3530 431 3637 Conuiuosacra,
459 3562 649 3631 uunquam
665 3540 766 3634 typis
783 3535 957 3606 hacteuus
989 3534 1080 3606 nard
1096 3534 1195 3605 evral-

108 3654 223 3743 ὄπτα,
251 3662 346 3709 nunc
367 3642 562 3708 ellomau.
587 3634 856 3719 Μανηιονίὺιιε,
881 3641 939 3731 pri
958 3642 1006 3706 cis
1025 3624 1196 3731 Christia-

110 3764 246 3815 norum
261 3742 505 3809 monmucutis
525 3762 710 3830 manuque
727 3740 868 3832 partim
889 3741 1072 3819 execratis,
1106 3760 1196 3831 par-

112 3848 183 3915 tim
199 3843 304 3914 editis
320 3836 510 3909 codicibus
526 3829 698 3937 congesto
717 3850 753 3909 et
769 3840 866 3908 notis
883 3826 1079 3931 illustrata,
1096 3835 1197 3931 Lips.

111 3942 224 4019 1652.
247 3942 283 4015 8.
345 3940 590 4038 Diligentiam
616 3941 694 4011 eius
719 3940 836 4037 longe
855 3938 1051 4032 'superavit
1074 3938 1198 4007 Maass

111 4064 215 4117 ‘rius
235 4048 447 4114 Mrazsrus
466 4042 742 4125 srarzrarus,
768 4040 833 4133 qui
845 4036 1041 4135 postquam
1050 4034 1199 4109 Damasi

111 4144 277 4219 camum
293 4143 493 4242 collegerat
509 4159 621 4236 atque
634 4142 674 4213 in
693 4166 733 4215 ea
751 4142 897 4236 aliaque
912 4138 1060 4213 Damasi
1078 4144 1198 4233 Opus·
