2542 4724
417 340 495 409 oa
523 359 558 409 ι».
591 296 657 410 nt.
710 336 749 457 §.¹
774 334 832 411 51.
1097 336 1171 409 303

82 524 240 597 obscure
268 523 390 595 variae
413 522 598 595 editiones
623 524 810 619 Cypriani.
863 522 1113 594 Memoranda
1129 549 1175 619 erc

80 628 160 697 illis
178 627 375 721 praecipue
402 622 449 693 est
468 625 604 709 editio,
641 650 735 719 quae
757 632 834 696 Par.
854 622 963 697 1541.
987 623 1078 711 fot,
1115 650 1172 721 ap.

81 726 325 821 Arnulplrum
343 726 540 821 Langelier
567 729 691 801 lucem
712 726 889 823 adspexit.
943 726 1087 821 Quibus
1107 725 1173 799 illa
1246 800 1250 807 ,

82 828 280 923 depravata
305 826 398 911 fuit,
435 826 525 896 vitia
542 828 829 899 innumerabilia
846 826 1043 911 farciunt,
1077 851 1171 923 quac

82 948 121 998 et
143 924 353 1013 mediaest,
392 953 457 998 cur
486 932 564 999 Iac.
591 935 808 999 Pantanus
840 932 932 998 Not.
948 926 1009 1003 65.
1033 932 1070 998 in
1097 929 1173 1029 Cy-
1217 990 1222 1003 ‚

82 1034 256 1124 priunum
273 1030 318 1099 de
334 1033 502 1099 oratione
520 1030 712 1114 dannaia,
737 1047 866 1101 contra
881 1034 1069 1100 Doctores
1088 1035 1173 1101 Sor-

85 1132 244 1201 bonicos
260 1130 476 1201 Parilienl'es
503 1130 692 1202 censuram
719 1130 815 1201 hanc
831 1129 1019 1201 adhibuit:
1053 1135 1174 1201 Iuter-

83 1227 249 1326 [eruatur
273 1231 330 1301 lrie
359 1232 502 1326 aliquot
528 1232 644 1302 lineae
667 1236 703 1303 in
729 1234 886 1304 editione
902 1222 1092 1329 Parifienfi
1107 1259 1169 1328 op.

85 1332 322 1429 Arnulplrum
347 1332 547 1402 Lorr⁰·elier
571 1361 604 1403 a.
632 1331 763 1419 1541„
788 1332 858 1434 jed
875 1357 973 1428 qtraeff
990 1336 1172 1431 Cypriani

90 1458 159 1503 iton
175 1430 284 1533 sacrat,
321 1450 363 1503 ut
387 1390 460 1532 ipsoe
482 1433 631 1531 fatetur
655 1438 690 1506 iu
715 1436 886 1532 nrargiue
916 1433 986 1502 lmc
1010 1448 1172 1511 annoto-

92 1536 271 1604 tinneula:
307 1534 451 1607 additio
475 1536 688 1618 cuiusdam,
722 1562 768 1606 esc
784 1561 857 1630 quo
879 1536 922 1604 de
941 1532 1068 1606 ceteris'
1080 1537 1173 1606 iudi·

92 1660 188 1720 eare,
210 1636 326 1731 facile
342 1627 392 1732 est
410 1637 554 1719 lectori,
589 1650 718 1732 utpote
740 1642 821 1732 qui,
858 1640 1028 1732 quarnvis
1044 1642 1198 1732 repur-'

94 1740 192 1833 gotio
216 1740 312 1807 iacet
335 1741 372 1806 in
394 1739 522 1821 titulo,
558 1739 754 1810 innumeris
781 1740 1012 1837 Cyprianum
1031 1738 1173 1808 rneudis

100 1842 360 1909 contaminarit.
394 1839 498 1909 Idem
515 1838 713 1910 confirmat
724 1841 900 1937 Cypriani
911 1841 1039 1924 editio,
1057 1842 1170 1911 Rom.

101 1936 195 2013 1563.
219 1937 288 2011 fol.
315 1966 381 2034 per
397 1940 505 2011 Paul.
524 1940 742 2027 Manutium
760 1944 801 2013 in
818 1944 941 2014 lucem
963 1940 1102 2025 emilia,
1129 1941 1172 2012 in

103 2061 163 2131 qua
189 2043 406 2112 Manutium
434 2060 563 2112 contra
595 2043 778 2115 Codicum
812 2044 1021 2137 mlptorum
1057 2042 1173 2139 fidem

105 2140 265 2231 qmerlom
284 2141 488 2226 retinuisse,
526 2144 706 2238 quaedam
732 2142 925 2228 addidille,
966 2144 1068 2223 docti
1091 2143 1171 2215 Viri

106 2240 397 2316 animadvertunt.
451 2250 661 2338 Legantur:
685 2250 990 2317 iomannes
1018 2246 1062 2315 de
1082 2267 1171 2315 vero

108 2332 322 2437 usuPatrum
343 2350 378 2429 1,
410 2342 456 2431 ll,
491 2346 573 2431 834
617 2352 673 2416 Io.
702 2348 799 2417 Aen.
824 2350 1045 2417 Farnrcms
1075 2342 1171 2415 Bibl.

110 2438 159 2511 let.
175 2450 241 2528 111,
259 2446 335 2517 378
352 2448 421 2540 l'q.;
449 2454 509 2517 W.
530 2454 638 2518 Cava
661 2444 873 2547 Prolegom.
895 2448 946 2516 acl
963 2438 1040 2534 lu'st.
1059 2440 1175 2515 litter.
1215 2518 1217 2523 ,

111 2540 261 2639 Scriptor.
280 2539 469 2643 ecclefiast.
487 2574 523 2643 p.
543 2549 630 2632 225
652 2556 684 2620 T
687 2574 796 2621 nour.
817 2555 937 2619 Irrto
961 2540 1183 2646 Observatt.‘

33 2636 35 2651 '
111 2644 231 2718 miscell.
254 2672 349 2743 quae
366 2652 474 2743 Opee.
488 2651 663 2722 Clement.
680 2642 790 2722 Alex.
811 2651 998 2746 Supplem.
1023 2646 1172 2717 additae

112 2738 221 2843 lump.
236 2750 324 2821 210.
384 2751 558 2845 Inprimis
576 2754 813 2824 luculentum
830 2751 994 2823 malitiae
1012 2747 1172 2820 fraudis·

113 2862 166 2933 que
185 2849 455 2923 documentum
482 2853 673 2925 Pontificii
706 2854 889 2925 dederunt
922 2853 962 2922 in
993 2848 1172 2946 Cypriani

113 2938 184 3019 libro
208 2950 254 3022 de
284 2954 440 3024 Unitate
464 2945 665 3051 Ecclefiae,
703 2980 821 3051 quum
850 2955 890 3024 in
922 2952 1032 3025 illum
1056 2951 1173 3023 verba

114 3038 179 3119 lucc
189 3052 419 3138 intulerunt,
448 3046 629 3148 Christum
655 3052 1018 3127 uuamCotlredram
1044 3042 1173 3146 consti.

115 3140 210 3247 illidet
241 3156 451 3224 Primatum
476 3157 586 3226 Petro
614 3158 773 3257 datum
798 3146 981 3255 Ecclrfiae
1002 3157 1171 3225 renititur

115 3254 140 3309 tl
158 3244 293 3350 refifid,
328 3259 391 3351 qui
413 3254 639 3327 Catlredram
659 3261 779 3343 Petri,
807 3251 922 3357 snper
947 3280 1062 3352 quam
1080 3252 1173 3350 firn-

115 3341 444 3458 lfttaestEeclefio‚
480 3350 627 3455 deserit,
662 3354 1173 3430 contraomniumfercCo·
1224 3382 1228 3395 ·

115 3440 211 3525 llntm
228 3456 458 3551 mimorum,
494 3459 668 3529 onmium
684 3455 1018 3555 antiquillrmarum
1035 3455 1174 3528 editio·

69 3620 74 3627 .
112 3556 323 3629 tantidem.
374 3563 418 3628 In
445 3549 630 3654 Epistola,
667 3584 779 3656 quam
797 3560 1005 3654 Cyprianus
1029 3557 1076 3630 ad
1098 3578 1170 3651 po·

33 3692 40 3705 ·
111 3650 218 3735 pulum
243 3660 568 3757 Carthaginensem
591 3658 710 3746 mitt,
753 3662 820 3732 scri
848 3662 941 3733 ierat
964 3661 1047 3731 ille:
1088 3663 1169 3729 Au·

33 3795 45 3821 .·
110 3744 191 3825 liant
231 3753 339 3859 uatffo
357 3764 542 3853 patienter
558 3753 743 3857 confilium
760 3687 935 3859 nodutus,
963 3753 1172 3861 exspectent

33 3886 47 3926 :a
106 3782 339 3953 regrediemur
355 3853 540 3954 nostram,
568 3877 609 3932 ut
625 3888 738 3958 quum
761 3868 812 3933 ad
834 3887 900 3934 vos
922 3888 989 3957 per
1010 3865 1085 3959 Dei
1102 3862 1170 3929 uti·

93 3940 317 4050 firicordiam
333 3966 554 4045 venerimus,
593 3969 786 4036 convocati
812 3956 1026 4061 Coepiscopi
1047 3963 1171 4056 plures

40 4134 46 4155 ⁹
90 4046 276 4151 securtdum
295 4066 451 4132 Domini
475 4066 706 4159 disciplinam
730 4080 766 4134 et
785 4062 1038 4165 Conqusorum
1060 4086 1171 4155 prae-

33 4198 36 4209 ι
84 4148 235 4256 sentiam
267 4177 303 4233 et
334 4155 491 4258 rastrum
523 4188 666 4259 <litoque
682 4160 928 4264 sententium,
976 4163 1169 4266 brettorum
