2542 4724
296 264 299 269 ’
425 290 512 364 ct
541 314 575 362 ι.
608 296 687 365 vu.
735 290 769 381 ς.
794 294 855 367 n.
905 286 909 297 ·
1103 290 1189 369 tao

101 470 244 551 libruni
258 472 411 571 reliquit
426 502 468 550 ac
483 502 594 574 quam
610 464 859 551 eudemus
879 480 1189 568 Parmenios,

100 576 240 653 omissis
265 580 508 676 quibusdam,
538 582 652 677 ligata
677 581 872 666 oratione,
909 582 1190 657 minorantem

102 684 290 781 eleganter
308 678 485 775 expreffit.

177 785 307 855 Plures
324 782 511 854 eiusmodi
524 782 626 854 Vitas
644 783 857 869 omittimus
870 802 1189 861 armentorumus

99 888 230 959 Patres
242 885 522 978 Scriptoresque
537 882 726 969 Ecuefiae,
747 885 812 979 qui
830 908 983 981 operam
997 887 1039 957 in
1056 910 1101 957 eo
1119 911 1190 983 po·

99 984 274 1069 luerunt,
308 1002 352 1055 ut
375 975 581 1079 Historiam
597 984 818 1056 litterariam
842 988 1092 1081 explanarent.
1143 994 1189 1059 In

98 1087 177 1159 iltis
192 1086 360 1157 maxime
373 1085 523 1155 celebris
534 1081 581 1155 est
591 1090 877 1158 Hmnourraus
893 1088 1010 1161 Bibra
1028 1089 1075 1160 de
1087 1091 1189 1161 Viris

99 1178 316 1285 illustribus,
351 1185 416 1281 qui
439 1185 542 1279 saepe
563 1185 707 1280 prodiit
731 1204 842 1282 atque
866 1194 979 1261 avv.
997 1193 1083 1259 DD.
1101 1188 1189 1261 ittu-
1243 1270 1251 1287 ,

99 1287 234 1363 strutus
261 1284 319 1362 est.
379 1288 606 1381 Exemplum
630 1288 709 1359 eius
734 1287 880 1382 sequuti
903 1288 990 1360 sunt
1014 1290 1078 1361 alii
1094 1291 1189 1361 anti·
1229 1290 1235 1301 ’

102 1390 237 1487 quiore
261 1404 399 1471 aetate,
440 1393 690 1481 Gir—unumne
711 1380 960 1487 Muffihmfir,
986 1396 1191 1463 Ismenus
1244 1386 1262 1459 '.

103 1481 336 1591 Hispaleufir,
364 1512 528 1583 quorum
546 1490 782 1584 aliorumque
796 1488 928 1586 scripta
954 1492 1191 1566 coniunctim

103 1592 223 1668 edidit
255 1597 321 1662 10.
355 1595 471 1661 Ara.
500 1595 562 1660 Fu
576 1582 793 1660 uitrcrus
817 1592 859 1661 in
881 1590 1111 1665 Bibliotheca
1133 1618 1189 1667 ec-

102 1684 318 1793 clesistico,
352 1715 482 1784 opere,
520 1691 628 1785 supra
661 1711 971 1765 commemorato.
1022 1693 1191 1794 Adiungi

47 1838 56 1855 ·
100 1792 257 1895 possunt
273 1792 371 1863 vitae
385 1797 537 1862 Petrum
554 1792 744 1877 Ecclesiae,
772 1816 793 1860 a
816 1794 1002 1867 veteribus
1026 1795 1191 1891 Scripto-

100 1897 206 1971 ribus
231 1890 470 1987 compositae.
524 1897 750 1963 Graecorum
774 1900 989 1967 Doctorum
1011 1896 1117 1967 Vitae
1147 1922 1190 1969 ao

101 2022 160 2073 ree
176 1995 223 2067 ab
242 1992 517 2089 antiquioribus
535 1994 730 2091 diligenter
746 1982 946 2090 descriptae
966 1997 1063 2068 sunt.
1102 2002 1190 2071 Ex·

102 2097 217 2173 fiunt:
252 2103 466 2167 Gnroonn
497 2093 774 2193 Tlraumaturgi
801 2098 843 2165 in
870 2098 1069 2193 Origenem
1099 2124 1188 2194 pro·

100 2196 314 2301 sphonetica
330 2209 366 2268 et
381 2199 614 2301 panegylrica
635 2198 767 2265 Oratio
777 2223 795 2273 ,·
819 2202 997 2269 Euseun
1017 2224 1059 2270 eo
1074 2204 1196 2275 Pru-¹

103 2322 229 2375 etum
253 2298 433 2387 Martyris
458 2297 652 2395 Apologia
672 2319 743 2390 pro
773 2298 959 2395 Origene,·
998 2304 1189 2372 Rurtrtt

101 2398 281 2499 scriptum
301 2400 345 2471 de
362 2399 628 2493 depravatione
645 2396 821 2467 librorum
843 2403 1040 2494 praecipue
1057 2399 1191 2499 Orige-¹

99 2506 183 2583 nit}
208 2491 542 2598 GnetottuNyff.
563 2501 626 2571 Or.
646 2500 690 2568 de
709 2501 803 2568 Vita
819 2502 857 2569 8.
874 2502 1046 2599 Gregorii
1064 2501 1189 2575 Thau·

100 2608 272 2703 maturgi
279 2630 296 2681 ;
324 2608 546 2672 Gnuoonn
558 2604 739 2670 Naziauz.
752 2600 814 2671 Or.
831 2603 876 2670 de
889 2600 1190 2675 lauclibusAtltu·

99 2698 217 2807 uafii;
241 2710 464 2776 Gnuoottu
481 2694 585 2801 Nyff.
599 2705 693 2771 Vita
704 2706 1042 2797 atqueEucomium
1057 2708 1095 2775 S.
1114 2706 1188 2778 Pa·

101 2810 182 2892 tris,
199 2804 402 2901 Eplrraemi
418 2806 507 2901 Syri
515 2830 531 2880 ;
555 2810 764 2873 Greconn
780 2807 1010 2876 Nazianzeni
1028 2804 1089 2877 Or.
1105 2812 1189 2893 XX,

102 2932 199 3003 quae
214 2908 315 2977 dicta
340 2897 391 2999 est
416 2908 453 2973 in
468 2896 595 3002 Basilii
607 2903 764 3000 funere3
791 2905 969 2977 Eiusdem
984 2911 1189 3006 Epigram-

102 3022 211 3079 mata
236 3013 272 3077 in
295 2999 491 3099 Rufinum,
521 3031 549 3074 c.
574 3009 769 3104 Anonymi
787 3031 928 3103 graeca
942 3002 1112 3109 prosario
1126 3036 1190 3083 ex·

92 3102 278 3225 positione
287 3135 304 3186 ;
334 3114 553 3178 Gneoonu
579 3100 684 3207 Npff
706 3110 769 3176 Or.
791 3106 980 3204 funebris,
1008 3136 1083 3204 qua
1102 3110 1187 3208 sra-

100 3214 170 3283 tris
189 3204 249 3309 sui
271 3201 398 3307 Rufilii
420 3214 477 3277 M.
504 3209 630 3277 laudes
646 3212 913 3279 etmemoriam
936 3210 1188 3290 concelebrat,-

99 3318 335 3385 Eenmnss
351 3313 440 3409 Syri
456 3312 677 3379 Enoomiuru
700 3312 736 3376 iu
762 3314 799 3377 8.
820 3334 865 3379 aa
879 3316 1072 3408 Magnum
1086 3305 1189 3411 Basi-

101 3414 192 3483 lium
201 3439 218 3490 ,·
254 3416 348 3482 Vita
374 3424 410 3481 et
433 3410 615 3480 miracula
638 3415 675 3478 S.
700 3401 844 3506 Rufini,
871 3412 932 3483 cui
957 3435 1190 3485 commenta.

100 3514 202 3587 tioni
224 3515 333 3585 locus
365 3513 462 3582 inter
486 3502 790 3581 Aneutnocun
820 3512 951 3607 scripta
985 3514 1188 3612 assignatus

99 3612 172 3701 εἴη
200 3620 417 3685 Gnttnoltu
434 3610 557 3681 Presb.
578 3616 673 3681 Vita
699 3616 735 3681 S·
755 3616 879 3683 Patris
905 3604 1015 3706 nostri
1043 3620 1189 3715 Grego-

99 3718 166 3800 rii,
195 3712 394 3813 Tlteologi,
421 3706 541 3812 Epist.
564 3716 758 3783 Nazianzi.
810 3714 1189 3811 Antiquitati'itidem

75 3816 299 3915 ,Orationes
317 3834 428 3909 atque
453 3816 522 3883 alia
544 3815 676 3909 scripta
694 3814 891 3899 debemus,
917 3842 1013 3910 quae
1030 3817 1148 3912 Chrys
1171 3858 1188 3875 ·

98 3914 213 3991 flomi
243 3917 446 3989 memoriae
481 3916 689 3987 consecrata
722 3915 808 3986 sunt
842 3942 973 4011 resque
995 3920 1074 3992 eius
1099 3921 1187 3989 illu·

95 4016 225 4091 strant.
277 4024 423 4090 Locum
447 4018 583 4089 inillis
608 4035 756 4089 tenent:
790 4023 1001 4089 Prznnnn
1028 4022 1073 4090 de
1093 4024 1189 4091 Vita

93 4124 139 4191 S.
162 4124 317 4193 Ioannis
336 4108 585 4218 chrysostomi
598 4122 812 4217 Dialogusr
843 4125 1008 4194 Pnocu
1034 4112 1186 4217 Cstpoli·
