2542 4724
101 297 208 395 :tta
453 294 489 371 C
516 314 540 366 a
568 316 605 369 a.
640 299 720 367 vn.
780 299 816 387 §.
842 296 906 369 72.

132 511 207 583 que
229 508 324 580 qnae
343 483 395 555 ibi
416 482 519 554 bona
544 482 632 553 sunt
651 500 765 576 atque
781 482 909 567 utilia,
944 480 1230 577 amplectentum·

131 603 378 683 quaerentem
402 587 500 657 mala
525 609 568 655 ao
588 582 725 666 noxia,
762 582 982 655 devitemus.
1049 588 1107 655 Ite
1128 606 1231 659 reete

131 688 243 761 sentit
265 692 468 761 cientes
486 686 617 769 Alea,
644 688 826 755 Stromot.
847 689 877 755 Ι.
897 710 934 778 p.
952 684 1039 757 377.
1066 691 1119 771 V,
1138 688 1229 761 733.

132 790 221 871 edit.
248 791 403 859 Potteri.
467 788 579 859 Plura
611 788 682 857 hac
717 786 763 857 de
793 812 835 858 re
868 784 1048 871 differunt
1080 812 1128 861 ex
1159 794 1230 864 Ve-

132 890 297 963 teribus:

232 1022 426 1087 Bastarna
446 1014 506 1082 M.
530 1008 795 1086 Dilsertatione
813 1017 888 1106 πρὸς
908 1008 987 1091 toln
1003 1016 1113 1103 νέους,
1140 1012 1227 1101 ὅπως

46 1152 49 1159 ·
131 1116 172 1187 dt
199 1119 234 1207 ἐξ
266 1117 436 1207 ἑλληνικῶν
459 1113 639 1203 ὠφελοῖντο
664 1116 789 1207 λόγων,
831 1116 884 1185 od
909 1116 1157 1191 adolescentes
1182 1122 1230 1189 de

131 1210 327 1317 gentilitia
350 1216 468 1301 libris,
496 1241 580 1286 tunt
594 1212 725 1313 fructu
743 1218 927 1316 legendis,
962 1240 1058 1314 quae
1080 1218 1229 1317 saepius

133 1316 314 1393 editaest.
366 1318 449 1391 Vid.
471 1320 505 1409 §.
523 1318 584 1389 tt.
611 1342 647 1412 p.
667 1318 752 1393 188.
1057 1332 1060 1341 '

232 1448 518 1527 Aoeosrnrus,
546 1443 612 1539 qui
629 1446 748 1537 Opere
760 1440 806 1516 de
821 1448 1009 1517 Doctrina
1026 1438 1227 1545 thnfiionn

131 1552 175 1619 L.
193 1550 239 1617 11.
272 1550 311 1619 C.
327 1542 389 1616 40.
423 1547 543 1617 multa
574 1546 643 1615 hac
671 1544 781 1617 dere
809 1566 908 1619 recte
936 1568 1048 1645 atque
1075 1550 1227 1649 egregie

131 1664 276 1721 monet.
329 1652 387 1719 Ex
406 1645 676 1719 recentioribus
694 1646 850 1746 adiungi
866 1640 1029 1745 poliunt.

225 1778 334 1869 ΕΗΒ.
348 1778 592 1845 Koaraotr
616 1772 656 1843 in
682 1758 845 1873 pagano
862 1773 1113 1847 obtrectatore
1126 1778 1173 1847 L.
1190 1782 1222 1849 Ι.

76 1980 79 1985 y
132 1880 170 1947 C·
191 1879 249 1950 11·
276 1876 436 1971 p.171.,
479 1874 545 1945 ubi
566 1874 674 1969 plura
697 1879 853 1947 Patrum
876 1876 961 1979 loca
984 1870 1111 1961 affem

232 2009 290 2075 Io.
306 2007 429 2071 Bae‘r.
449 2006 716 2073 Coretnnrue
736 2004 848 2073 Notis
866 2003 917 2073 acl
936 1993 1222 2099 Constitutiones

130 2094 350 2201 apostolicos
364 2102 448 2173 Lib.
466 2107 493 2173 1.
515 2108 601 2198 Cap.
618 2102 654 2173 (i.
678 2107 783 2173 Patr.
812 2094 1044 2198 apostolicor.
1060 2108 1100 2191 1,
1116 2104 1220 2193 206„

99 2198 102 2203 ’
130 2230 208 2303 quo
224 2206 312 2277 loco
331 2210 482 2275 Patrurn
500 2204 701 2275 sententiae
716 2222 829 2299 atque
845 2200 953 2276 effata
972 2206 1018 2277 de
1034 2202 1224 2301 profano·

127 2334 215 2379 rum
237 2310 446 2379 Auctorum
481 2304 586 2376 libris
614 2304 781 2403 legendis
807 2306 926 2400 deque
950 2307 998 2377 ab
1021 2308 1069 2381 iia
1094 2307 1223 2405 exspe-

129 2408 263 2480 ctanda
280 2408 441 2477 utilitate
459 2405 654 2502 diligenter
672 2426 901 2479 enarrantur.

230 2538 287 2605 10.
305 2538 454 2607 tntae.
471 2537 688 2616 Briantae,
718 2533 784 2628 qni
800 2510 1115 2605 Exercitationem
1131 2538 1222 2607 iuris

127 2634 311 2707 naturalis
336 2632 381 2701 de
406 2633 549 2702 cultura
575 2636 711 2732 ingenii
736 2634 873 2729 scripsit
895 2660 1011 2731 eaque
1035 2636 1139 2708 idem
1158 2662 1221 2709 tr·

126 2730 971 2910 ttttttttttssltttlt‘itllli
986 2736 1221 2913 <iiiiii

95 2956 98 2961 '
127 2935 294 3009 eiusdem
310 2936 458 3007 Selettis
474 2940 562 3007 iaris
576 2862 736 3009 notarie
752 2953 788 3011 tt
802 2944 971 3036 gentiunt
988 2964 1026 3037 p.
1044 2938 1135 3015 293.

591 3135 626 3229 §.
676 3140 738 3214 73,

224 3306 290 3383 De
313 3302 550 3408 Philosophia
582 3309 742 3381 Potrnrn
770 3297 952 3409 Ecclesiae
984 3306 1012 3383 fi
1045 3336 1217 3411 quaera-

120 3432 234 3495 mus,
269 3406 396 3483 studia
419 3434 561 3483 eorum
585 3428 679 3506 erga
700 3408 998 3489 istamaiversa
1026 3408 1214 3503 fuerunt,

123 3534 250 3609 quum
274 3510 342 3583 alii
364 3506 476 3583 istam
503 3509 717 3583 reiicerent
742 3538 786 3585 ac
809 3512 1109 3611 vituperarent,
1146 3516 1216 3589 alii

121 3625 257 3685 eutem
288 3609 498 3685 laudarent
529 3626 645 3707 atque
683 3613 960 3713 approbarent.
1029 3614 1215 3693 Philolo-

100 3708 270 3812 -phandi
282 3712 403 3799 ratio,
433 3736 552 3809 quam
567 3709 850 3807 sequebantur,
877 3738 960 3786 non
983 3728 1064 3789 tam
1087 3714 1215 3795 secta·

115 3810 197 3901 ria,
233 3836 353 3909 quam
377 3816 545 3885 eclectieo
571 3828 673 3899 erat,
701 3814 762 3887 uti
788 3812 945 3888 dicitur.
1010 3820 1211 3921 Quamvis

115 3913 226 3989 enim
252 3912 428 3987 Platonis
457 3910 710 4015 philosophia
736 3914 843 4015 apud
868 3914 1018 3991 multos
1050 3918 1096 3990 in
1122 3944 1212 3995 non

111 4012 310 4087 mediocri
332 4010 491 4089 honore
518 4008 630 4101 ellet,
656 4041 741 4091 non
768 4040 908 4091 omnes
934 4032 1070 4093 tamen
1085 4018 1211 4095 lecta·

109 4110 255 4189 bantur
280 4113 510 4205 Platonem,
545 4138 621 4188 nec
647 4116 717 4214 qui
743 4116 783 4191 ei
804 4114 952 4193 addicti
980 4134 1117 4212 erent,
1156 4120 1209 4197 ab
