2542 4724
403 275 543 345 crs.
577 272 678 347 xm.
729 240 875 365 §.raa
1112 277 1187 357 aot

88 476 271 532 accurate.
342 454 434 555 Agit
455 458 556 531 enim
581 459 627 532 de
644 435 889 535 *Poenitentia
911 486 955 536 ac
975 461 1185 563 Disciplina

87 557 322 633 ecclesiastica
342 579 454 654 atque
473 561 526 630 ita
543 580 809 658 argumentum
827 581 1065 659 pertractat„
1075 569 1183 663 quod

85 684 169 837 Fon
200 666 280 835 tsam'
310 661 525 760 theologiae
550 665 730 752 moralis,
758 689 873 761 quam
894 664 990 742 iuris
1018 667 1182 742 ecclesia·
1230 684 1248 745 ,¹

102 778 168 835 tici
189 778 249 835 et.

191 973 406 1039 Cretatam
440 966 572 1071 scrpta
601 968 723 1056 varia,
768 994 862 1066 quae
887 973 974 1046 loco
1000 974 1076 1047 hoc
1097 972 1182 1049 iure
1211 982 1217 991 ’

86 1071 379 1142 commemorari
397 1066 560 1165 posstlt'tt.
615 1077 710 1141 Sunt
725 1067 789 1142 ista
817 1075 857 1162 l)
873 1074 955 1145 Lib.
973 1076 1018 1146 de
1033 1074 1181 1147 Habitu

86 1176 133 1243 V
130 1174 311 1268 irgimem,
337 1196 413 1266 quo
437 1172 645 1266 Cyprianus
663 1173 827 1270 virgines
848 1176 1039 1258 hortatur,
1066 1196 1110 1248 ut
1133 1179 1179 1248 ab

86 1273 197 1355 omni
220 1275 333 1357 luxu,
360 1298 497 1343 avano
522 1271 654 1344 habitu
675 1298 717 1345 ac
734 1272 889 1346 {restium
911 1295 1046 1349 ornatu
1072 1275 1180 1351 absti-

46 1382 51 1401 “
84 1391 223 1458 neant;
265 1393 308 1444 ut
331 1375 586 1472 virginitatem
611 1375 809 1472 diligenter
833 1372 1043 1449 custodiant
1066 1397 1178 1474 atque

86 1477 134 1548 ab
144 1501 183 1547 ea
193 1478 434 1560 multabona,
449 1493 642 1570 tamquam
652 1477 1052 1581 praemiaxexspectenn
1068 1490 1180 1555 utca-

83 1574 247 1650 stitatem
263 1578 557 1672 pudicitiamque
575 1575 813 1649 omnistudio
825 1577 1020 1655 sectentur.
1044 1580 1176 1671 2)Lib.

84 1678 134 1751 de
152 1677 330 1749 Oratione
356 1681 561 1764 daedalea,
589 1679 656 1749 ubi
672 1681 880 1775 Cyprianus
902 1680 1068 1775 primum
1094 1704 1179 1753 ora·

83 1781 233 1853 tionem
267 1782 364 1852 hanc
395 1780 635 1850 commendat
662 1805 704 1851 ec
727 1778 851 1876 postea
885 1778 1064 1864 ostendit,
1102 1806 1179 1877 qua

82 1901 224 1967 mente,
252 1906 324 1976 qna
348 1882 495 1952 ratione
514 1882 561 1951 ad
577 1888 704 1953 Deum
726 1880 771 1951 fit
794 1882 992 1953 orandum.
1027 1883 1178 1955 Oratio-

82 2008 174 2056 nem
189 1982 309 2078 ipsam
324 1982 590 2077 interpretatur
605 2002 715 2077 atque
733 1984 890 2079 exponit
908 1984 952 2054 de
967 1979 1176 2057 necessitate

82 2085 344 2183 praecationis,
357 2085 401 2157 de
412 2103 546 2168 mente,
558 2109 630 2179 qua
645 2083 791 2155 ratione
808 2082 1014 2179 compofita
1027 2085 1091 2155 illa
1107 2082 1177 2155 esse

84 2185 217 2285 debeat
233 2186 331 2257 inter
348 2186 545 2267 orandum,
559 2186 603 2257 de
614 2205 793 2281 tempore,
805 2185 957 2281 quando
976 2185 1119 2257 anobis
1130 2183 1176 2256 fit

83 2288 284 2361 orandum.
304 2288 344 2377 3)
354 2288 465 2358 Liber
483 2288 508 2357 s.
518 2293 646 2358 Sermo
658 2287 963 2370 deMortatitare
973 2309 1050 2381 quo
1062 2311 1175 2382 quae-

80 2386 243 2461 stionem
265 2389 425 2484 explicat
444 2406 555 2483 atque
571 2384 745 2471 illustrat,
771 2413 866 2458 num
887 2388 1061 2459 homines
1079 2387 1176 2459 chri·

79 2487 220 2563 stianos
231 2490 366 2571 deceat,
389 2507 556 2584 tempore
572 2485 799 2585 pestilentiae
815 2506 979 2560 mortem
995 2489 1172 2584 pertime-

82 2591 181 2665 scere
191 2592 352 2687 suosque
368 2591 441 2661 iam
462 2588 660 2662 exstinctos
674 2588 832 2664 desiere?
858 2589 901 2678 ll)
911 2590 994 2660 Lib.
1014 2591 1058 2660 de
1067 2590 1172 2660 Elee-
1261 2596 1267 2630 ³

82 2684 265 2791 rrrosyncn
292 2692 359 2765 ubi
377 2694 583 2788 Cyprianus
600 2688 824 2763 Christianos
840 2693 1015 2763 hortatur
1039 2691 1087 2760 ad
1101 2690 1173 2763 mi-

81 2793 341 2877 sericordiam,
377 2811 422 2863 ut
451 2780 555 2864 illaiu
580 2816 867 2891 ergapauperes
896 2818 938 2862 ac
964 2791 1175 2867 calamitate

80 2893 245 2967 afflictos
269 2912 469 2965 exerceant.
505 2892 545 2985 5)
560 2892 643 2965 Lib.
663 2891 819 2965 debono
838 2896 1066 2976 leuandae,
1094 2917 1172 2988 quo

80 2992 283 3079 monstrat,
310 2995 510 3090 sapientem
536 2997 648 3066 illum
672 2993 740 3066 else
765 3020 807 3066 ac
832 2994 926 3066 bene
948 2992 1015 3065 fibi
1041 2993 1174 3064 consu·

80 3098 169 3180 lere,
189 3097 309 3190 quiin
328 3097 482 3167 miseriis
499 3097 705 3192 patientem
719 3095 757 3167 se
773 3095 956 3191 praebeat.
985 3092 1025 3182 6)
1042 3099 1173 3166 Sermo

82 3199 130 3269 de
146 3198 240 3269 Zelo
261 3211 297 3268 et
313 3200 456 3280 Liuorc
476 3222 552 3303 quo
570 3199 689 3268 multa
707 3215 925 3296 argumenta
942 3213 1173 3280 enarrantur,

81 3299 135 3373 ob
161 3325 254 3394 quae
280 3299 324 3368 ab
348 3298 489 3368 invidia
514 3297 711 3370 abhorrere
744 3299 954 3369 debeamus.
1013 3295 1173 3366 Addunt

79 3402 263 3473 nonnulli
281 3400 450 3471 libellum
471 3400 516 3470 de
530 3401 713 3470 Pudicitia
722 3425 738 3476 ,·
766 3424 852 3469 eum
870 3416 996 3469 autem
1014 3394 1082 3467 'esse
1100 3402 1173 3487 Cy-

80 3503 225 3597 priani,
254 3500 473 3595 disputatur.
526 3506 570 3571 ln
586 3503 659 3595 Epi
675 3502 759 3571 telis
783 3500 862 3573 eius
884 3497 1090 3571 nonnullae
1112 3496 1175 3567 iti·

81 3602 169 3675 dent
192 3602 404 3699 argumenti
426 3603 580 3673 moralis
605 3602 692 3672 sunt
713 3627 756 3673 ac
773 3617 967 3699 praecepta
992 3598 1038 3669 dc
1057 3595 1175 3671 mori·

80 3702 154 3775 bus
175 3703 269 3775 bene
285 3700 496 3777 formandis
515 3702 701 3776 exhibent.
720 3700 759 3793 *)

85 3906 292 3923 *un-

115 4031 142 4099 ”>
151 4026 317 4169 ἒτὲἱιέωι
340 4030 359 4085 l.
377 4048 401 4086 c.
421 4048 450 4104 p.
465 4034 525 4090 352·
568 4029 729 4087 llxrnrnc
755 4029 857 4085 These.
876 4022 984 4089 caecil.
1001 4022 1174 4100 Cyprianus
