2542 4724
365 290 399 369 C
429 310 455 363 a
481 300 518 365 ι’.
554 292 653 365 XIV.
705 282 737 381 l.
765 236 852 365 134.
1077 276 1155 367 705
1204 318 1210 341 ¹

57 480 244 583 quoniam
273 478 377 550 haud
406 477 572 559 sciverit,
610 475 647 549 se
668 474 905 548 damnationi
926 474 996 551 esse
1026 480 1150 555 obnow

53 586 175 655 xium.
238 580 397 677 Quando
435 597 567 649 contra
600 576 841 663 sententiam,
876 604 989 671 quam
1022 580 1150 675 postea

54 684 271 759 Manichaei
293 680 455 774 amplexi
472 678 571 760 sunt,
598 677 782 771 disputat,
810 698 852 749 ut
869 686 1145 771 Cuemnrrrus

59 788 167 859 Orat.
185 786 230 853 de
246 784 399 853 lectione
413 784 572 850 Petrum
588 804 624 873 p.
643 778 677 851 5.
697 796 827 862 notat,
852 806 1146 877 nonnumquam

56 890 228 959 duriores
237 878 746 953 dicendisornrulasadhibet.
765 882 940 973 Inprimis
950 882 1037 955 salsa
1049 885 1147 970 sunt,

56 986 263 1083 quaeLibr.
283 990 342 1053 lV.
365 978 524 1076 Capiti.
543 1007 578 1075 p.
590 978 675 1051 347.
695 980 830 1063 scribit,
848 982 930 1077 post
938 981 1069 1056 Christi
1083 988 1148 1058 ad-

26 1172 31 1179 ,
54 1106 213 1163 ventum
223 1104 258 1157 et
267 1082 954 1181 cognitionemapeccantibusnullam
963 1094 1149 1163 noxarum
1167 1092 1176 1113 ‘

55 1190 207 1263 veniam
223 1186 439 1281 sperandam
456 1181 541 1265 esse,
567 1206 637 1252 nec
653 1205 730 1275 quo
744 1184 865 1253 utitur
880 1208 1147 1281 argumentum

57 1294 183 1363 ullum
201 1288 317 1359 robur
330 1286 452 1355 habet.
506 1282 669 1379 Quando
687 1284 786 1354 enim
805 1283 1025 1359 senteutiam
1041 1289 1149 1365 suam

58 1415 172 1465 exeo
194 1389 352 1483 probare
367 1382 537 1468 instituit,
569 1382 674 1478 quod
691 1380 832 1455 Christo
851 1410 954 1459 mors
976 1413 1057 1461 non
1078 1392 1153 1473 iter.

58 1516 147 1565 rum
173 1490 390 1585 contingere
415 1482 542 1582 possit,
569 1508 702 1563 verum
731 1486 883 1579 quidem
900 1487 1057 1576 honest,
1083 1491 1148 1565 sed

60 1590 208 1675 sufficit,
232 1597 466 1663 servatorem
481 1583 654 1658 nostrum
673 1585 784 1659 semel
799 1612 869 1682 pro
887 1592 1046 1683 peccatis
1064 1618 1147 1667 om·

57 1698 171 1767 nium
201 1710 418 1785 temporum
450 1706 648 1759 mortuum
679 1687 759 1759 esse.
811 1696 890 1761 Neo
923 1710 1030 1763 caute
1060 1694 1149 1767 satis

59 1816 176 1891 atque
204 1810 372 1863 accurate
401 1789 628 1871 dictasunt,
658 1813 754 1883 quae
775 1790 877 1861 Libr.
894 1797 952 1863 IV.
979 1799 1066 1891 Cap.
1084 1794 1147 1867 30.

59 1924 100 1995 p.
128 1894 213 1981 319.
241 1896 286 1963 de
309 1888 570 1963 iustificatione
593 1888 887 1963 Patriarcharum
913 1912 999 1966 ante
1013 1898 1150 1993 legem,

60 2024 130 2095 per
159 1994 294 2067 Mosen
326 1993 627 2088 promulgatam,
659 1991 841 2087 legimus}
869 2014 993 2087 aperte
1022 2015 1151 2072 autem

60 2098 260 2173 veritatem
284 2094 426 2177 deserit,
446 2092 598 2187 quando
616 2116 703 2162 cum
721 2092 801 2163 aliis
818 2097 953 2167 veteris
969 2099 1152 2173 Ecclesiae

60 2198 297 2275 Ductoribus
314 2194 510 2267 contendit
525 2192 609 2263 Lib.
627 2198 670 2265 V.
689 2198 774 2288 Cap.
792 2196 873 2277 31..
898 2198 1051 2291 piorum
1068 2202 1152 2270 ani·
1247 2218 1253 2235 “

62 2326 165 2387 mas,
193 2298 415 2393 corporibus
440 2295 602 2377 solutas,
625 2318 706 2365 non
731 2292 852 2369 slatim
869 2298 917 2367 ad
933 2294 1055 2369 sedem
1071 2326 1152 2373 cae·

62 2406 180 2477 litum
207 2398 419 2480 transferri,
444 2396 506 2479 sed
533 2394 582 2477 ad
596 2390 731 2467 statum
750 2416 786 2467 et
801 2400 930 2469 locum
948 2401 1152 2494 quemdam

62 2504 236 2577 medium
270 2500 463 2595 pervenire
486 2516 599 2590 etque
622 2496 663 2567 iu
686 2494 756 2567 isto
784 2503 1013 2571 commorari
1033 2526 1155 2597 usque

65 2606 117 2677 ad
142 2622 288 2696 tempus
310 2600 451 2672 reditus
478 2616 721 2669 mortuorum
744 2599 948 2673 homiuum
969 2602 1016 2673 ad
1036 2602 1155 2698 pristi-

63 2730 158 2779 nam
177 2706 305 2775 vllam.
359 2704 422 2789 (di
453 2702 565 2793 ψυχαὶ
597 2702 791 2795 ἀπέρχονται
823 2708 865 2781 εἰς
894 2708 948 2775 τὸν
979 2708 1075 2775 τόπον
1098 2712 1155 2777 τὸν

67 2806 234 2901 ὡρισμέιοο
259 2802 370 2887 αὐτοῖς
398 2804 461 2873 ἀπὸ
486 2808 546 2873 τοῦ
572 2807 666 2886 Θεοῦ,
694 2808 788 2893 aduri
810 2808 907 2895 μέχρι
930 2811 986 2893 τῆς
1019 2807 1155 2879 decorti-

65 2936 146 2993 σοως
174 2914 331 2993 φοιτῶσι,
367 2908 576 2997 περιμένουσαι
600 2906 661 2994 rip
685 2906 866 2975 ἀνάστασιν·
891 2906 1010 2995 ,ἔπειτα
1033 2910 1157 2980 cirola·

65 3016 185 3094 βοῦοοι
219 3012 262 3079 τὰ
295 3008 448 3098 σώματα,
482 3007 534 3075 uei
565 3006 741 3101 ὁλοκλήρως
781 3012 969 3089 ἀναστᾶσαι,
1009 3013 1157 3084 τουτέστι

67 3118 268 3205 σωματικῶς,
296 3112 403 3193 καθὼς
433 3115 485 3175 uel
510 3110 527 3178 ὁ
552 3104 664 3197 Κύριος
688 3111 816 3199 deiero.
847 3109 947 3193 οὕτως
975 3111 1156 3185 ἐλεύσονται

68 3221 114 3297 εἰς
138 3216 197 3305 τὴν
220 3212 297 3301 ὄψιν
321 3214 382 3281 τοῦ
408 3213 500 3279 Θεοῦ.
551 3212 713 3279 Animae
729 3208 882 3281 obibunt
896 3214 932 3281 in
946 3206 1158 3310 invfihilem

71 3320 208 3409 locum,
230 3304 449 3409 destinatum
468 3314 517 3381 eis
533 3336 557 3379 a
574 3310 671 3393 0οο,
691 3325 727 3380 et
744 3310 793 3381 ihi
809 3338 921 3405 usque
936 3316 987 3383 ad
1003 3309 1159 3413 resurre-

70 3422 232 3489 ctionem
252 3410 590 3493 eonrmorabuntur,
603 3404 820 3510 srrfiiuentes
842 3406 1158 3517 rcſsrrrectiorrem:

69 3510 155 3617 poll
178 3519 388 3609 recipientes
414 3534 571 3607 corpora
588 3528 625 3581 et
642 3512 805 3607 perfecte
823 3514 1069 3611 rejurgerrtes,
1090 3519 1161 3589 horr

73 3612 137 3717 est,
164 3617 424 3711 corporaliter,
447 3614 760 3713 qrrernadnrodrort
783 3628 819 3683 et
840 3620 1028 3687 Dominus
1046 3612 1160 3715 resur·
1213 3618 1216 3625 ’
1254 3688 1257 3693 ,

24 3747 30 3755 ·
72 3722 191 3801 rexit,
213 3710 270 3817 fic
300 3721 444 3787 venient
476 3716 528 3783 ad
560 3708 791 3809 conspectam
824 3714 933 3804 Dei).
987 3720 1062 3815 Qui
1096 3721 1162 3791 ubi

73 3820 200 3893 sactrrs
219 3818 272 3903 sit,
291 3818 395 3887 addit
410 3820 593 3897 Irenaeus,
611 3822 699 3909 Cap.
717 3815 776 3887 35.
795 3818 879 3909 pios
895 3816 1010 3889 adesse
1028 3818 1162 3891 debere

75 3918 234 4001 Christo,
246 3916 441 4013 postquam
457 3917 521 3986 ille
539 3916 577 3985 iu
594 3916 650 3987 his
669 3918 774 3987 terris
793 3944 1040 4017 1·egnunr,per
1057 3920 1164 3993 mille

76 4046 201 4093 annos
226 4022 468 4101 duraturum,
502 4018 567 4087 sihi
591 4016 821 4089 sormaverit.
859 4020 914 4089 Cs.
938 4026 1027 4087 Sar..
1053 4026 1162 4091 Der·

75 4144 221 4199 Linou
255 4126 294 4193 S.
327 4126 503 4191 Irenaeus
535 4118 704 4215 evcrrrgel.
733 4123 900 4191 veritatis
924 4114 1104 4219 corrjiffer·
1126 4136 1164 4193 et

760 4220 809 4266 ar
