2542 4724
132 294 210 371 66⁰
439 288 474 370 C
500 309 535 365 Δ·
553 313 590 365 r.
625 295 727 365 XIII.
783 290 818 383 §.
846 290 933 365 122.

135 480 240 585 gelin
263 482 418 577 eiusque
445 477 696 575 disciplinam,
723 500 796 573 qua
816 476 1059 573 poenitentes
1089 477 1127 552 se
1148 502 1230 577 pro·

136 586 322 670 sternant,
347 580 480 654 habitu
496 605 538 652 ac
551 581 656 651 victu
672 577 850 677 [iugulari
865 597 1042 667 utantur,
1071 579 1176 655 sacco
1192 608 1231 655 ac

137 688 255 762 cineri
285 683 485 766 incubent,
523 704 660 776 corpus
694 679 866 752 sordibus
896 681 1119 770 obscurent,
1159 684 1232 755 ani·

21 851 26 863 ,
137 814 245 864 mum
261 785 499 867 moeroribus
517 783 709 865 deiiciant,
728 781 806 852 dies
822 799 1030 879 noctesque
1048 784 1231 857 adDeum

138 914 266 986 preces
290 887 449 970 faciant,
485 885 656 955 lacrimas
680 866 950 983 profundant,
972 885 1229 982 ingemiscant,

137 991 278 1062 ieiunia
299 985 512 1069 instituant,
541 986 630 1055 alias
648 983 904 1078 poenitentiae
925 985 1038 1065 huius
1058 988 1231 1059 exercita·

138 1092 264 1163 tiones
283 1088 433 1160 faciant.
472 1093 517 1158 In
535 1110 668 1157 eorum
684 1086 844 1156 numero
864 1086 1034 1179 quiante
1054 1086 1230 1161 defectio·

138 1215 230 1266 nem
262 1192 309 1262 ad
332 1187 639 1262 Montanismum
669 1185 795 1280 scripti
827 1185 929 1271 sunt,
963 1188 1158 1261 librorum
1186 1186 1229 1263 est

137 1294 224 1368 Lib.
243 1292 288 1364 de
310 1293 499 1373 Oratione,
527 1313 639 1384 quem
656 1286 845 1385 integrum
864 1313 951 1359 cum
974 1289 1051 1361 suis
1075 1313 1119 1362 ac
1136 1292 1227 1363 Guil.

134 1394 343 1475 ,Puncirolb'
357 1386 460 1463 notis
477 1390 593 1462 edidit
608 1389 703 1459 Lud.
720 1392 812 1459 Ant.
829 1394 1078 1462 Muratorius.
1134 1398 1227 1465 Con-

122 1488 283 1571 ''cinerur
299 1495 368 1565 illo
387 1491 644 1587 interpretatio
665 1490 855 1562 Orationis
875 1489 1102 1565 dominicae.
1131 1500 1227 1565 Prac-

136 1596 241 1673 fatus
258 1591 307 1666 est
323 1610 454 1666 auctor
469 1592 656 1663 nonnulla
675 1591 720 1662 de
737 1587 954 1686 praestantia
972 1611 1087 1688 atque
1104 1612 1227 1667 aucto·

137 1699 250 1772 ritate
269 1695 458 1767 Orationis
477 1694 603 1776 huius,
631 1717 749 1789 quum
768 1692 833 1763 illa
852 1690 897 1763 fit
911 1694 1142 1788 precationis
1158 1694 1226 1769 for·

138 1800 265 1883 mula,
301 1797 345 1867 ab
370 1795 451 1892 ipso
477 1789 619 1865 Christo
642 1793 874 1888 praescripta.
935 1801 981 1865 In
1004 1796 1226 1869 Tertulliani

136 1898 399 1973 monumentis
418 1920 582 1992 quorum
598 1895 884 1967 Montanismus
901 1892 1066 1983 constat,
1088 1888 1241 1993 praeter'

135 2001 228 2085 alia,
254 2001 384 2070 locum
400 1997 550 2069 habent.
573 1995 682 2068 Libri
700 1996 746 2067 de
763 1997 968 2083 Pudicitia,
995 1998 1044 2095 de
1060 1999 1176 2101 Fuga
1193 2004 1224 2070 in

136 2094 434 2201 persequutione,
462 2099 507 2170 de
522 2100 683 2183 Ieiunia,
710 2097 757 2169 de
772 2098 1049 2197 Monognmiu,
1077 2102 1128 2175 de
1143 2106 1225 2197 Spe·

138 2202 305 2287 ctuculiS,
332 2200 378 2272 de
393 2201 591 2285 Idolotn'a,
619 2200 666 2270 de
682 2199 793 2270 Cultu
800 2191 1048 2296 feminarum,
1077 2203 1128 2277 de
1145 2208 1186 2274 V
1182 2206 1224 2273 ir·

65 2356 68 2361 -
136 2300 286 2402 giuibus
305 2303 473 2374 velandis
496 2320 608 2394 atque
634 2301 707 2372 alii.
760 2307 804 2371 In
823 2302 898 2373 illis
921 2326 962 2374 ea
981 2324 1144 2398 quoque
1166 2306 1222 2376 ha·

134 2405 293 2489 bantur,
328 2429 423 2497 quae
447 2403 494 2473 ad
516 2427 640 2474 mores
665 2402 866 2476 hominurn
893 2403 1063 2499 spectant
1087 2431 1133 2480 ac
1154 2405 1222 2479 fru-

17 2564 21 2575 .
136 2524 220 2579 ctus
246 2506 405 2577 omnino
432 2500 624 2590 afferunt,
650 2502 678 2575 fi
705 2522 803 2576 recte
825 2507 998 2603 legantur
1006 2533 1020 2592 ;
1059 2532 1147 2579 non
1170 2508 1223 2579 de·

132 2607 222 2681 sunt
238 2624 384 2686 tamen,
413 2631 508 2701 quae
526 2625 562 2678 et
578 2606 713 2707 merito
730 2607 1065 2701 reprehenduntur.
1103 2616 1221 2707 Quum

135 2709 238 2782 enim
262 2708 302 2778 in
320 2707 497 2780 societate
517 2704 834 2779 Montanistarum
859 2707 965 2795 ellat,
991 2706 1094 2783 iusto
1120 2732 1221 2808 atque

132 2834 255 2905 aequo
272 2809 495 2882 severiorem
510 2807 675 2881 iudicem
690 2832 844 2881 morum
859 2811 1055 2884 interdum
1071 2813 1111 2886 fe
1128 2838 1221 2911 prae·

131 2911 227 2982 buit.
280 2912 458 2984 Actiones
477 2911 708 3007 improbavit
732 2927 925 3006 tamquam
948 2936 1107 3007 pravas,
1136 2940 1219 3013 quac

128 3027 257 3092 tamen
282 3012 324 3081 in
346 3012 382 3084 se
407 3013 589 3109 spectatae
618 3038 699 3083 non
723 3015 843 3085 malae
867 3013 972 3098 sunt,
1008 3015 1145 3090 saltem
1168 3043 1219 3089 er·

130 3112 250 3184 cusari
272 3111 435 3208 poliunt.
507 3114 838 3211 Quemadmodum
862 3140 1162 3213 nonnumquam
1181 3118 1219 3191 do

127 3214 240 3286 rebus
258 3212 343 3308 ipsis
360 3216 480 3312 deque
495 3216 635 3288 morali
651 3215 846 3287 actionum
860 3216 1011 3289 ratione
1026 3222 1158 3295 minus
1171 3245 1219 3293 aa·

127 3335 256 3388 curate
281 3316 482 3406 iudicavit,
516 3318 569 3390 ita
596 3343 750 3413 quoque
774 3318 821 3388 ad
843 3317 1092 3414 probandum
1116 3325 1217 3396 inter·

129 3415 222 3487 dum
245 3439 464 3515 argumenta
483 3419 668 3505 adhibita,
696 3442 792 3515 quae
816 3420 968 3491 nullum
986 3424 1147 3517 pondus
1163 3428 1217 3501 bt·

124 3513 238 3604 bont,
264 3520 345 3589 imo
364 3521 490 3617 inepta
508 3521 605 3593 sunt.
623 3520 661 3612 *)

227 3625 446 3694 Gnuooltn
467 3622 720 3718 Tiraruaturgi
735 3620 805 3716 Ep.
825 3624 1006 3693 canonica
1025 3626 1071 3698 de
1089 3632 1144 3715 iis,
1164 3630 1216 3724 qui
1267 3698 1269 3709 ,

125 3716 384 3793 Barbarorum
399 3715 540 3824 incursu
558 3715 649 3821 lapfi
665 3714 791 3824 effeut,
820 3747 932 3818 quam
956 3734 1144 3803 nonnulli
1158 3738 1214 3803 Pa·

123 3836 229 3892 trum
254 3821 398 3918 scriptis
420 3824 628 3897 moralibus
651 3842 919 3912 annumerant3
947 3826 1081 3904 minus
1100 3852 1213 3907 auteur

122 3984 332 4005 ——n—-un

154 4077 476 4218 ’>ΡοῙέ011ν[ῦκεοιιῑηυε
502 4083 522 4135 l.
542 4080 562 4137 l.
598 4079 729 4140 Lunna
755 4085 775 4139 l.
795 4098 818 4137 c.
844 4098 874 4154 p.
892 4084 952 4138 529.
989 4078 1209 4141 &Iustule-
