2542 4724
297 286 306 297 ’
409 280 500 359 cr
527 304 562 355 ι.
599 248 682 355 xa.
736 276 766 376 a.
795 283 880 357 117.
1108 283 1184 364 an

86 466 254 567 quidem
275 465 516 545 catechetica
539 462 754 540 traduntur
778 480 897 564 atque
918 466 1179 567 explicantur,

84 568 156 645 sed
173 570 241 643 uti
263 566 468 666 inscriptio
492 591 654 663 quoque
683 565 821 657 docet,
850 566 900 640 de
921 568 1078 641 ratione
1095 584 1190 644 tan··

84 687 174 747 tum
208 670 531 746 Catcchumeuos
569 665 784 740 erudiendi
816 668 1031 767 exponitur
1039 695 1051 758 3
1099 670 1210 761 hoc¹

83 788 329 846 tamennon
354 764 544 868 impedit,
573 768 790 864 quominus
819 783 859 841 et
884 768 987 841 liber
1003 768 1070 843 hic
1086 771 1177 847 iure

84 872 138 947 ad
153 874 290 946 locum
306 871 415 943 hunc
439 865 649 943 reseratur.
1018 889 1023 901 ·

187 975 353 1070 Reliquit
370 976 649 1043 accusamus
672 971 812 1043 librum
843 972 887 1043 de
905 972 1183 1047 Calechizanrlis

84 1074 248 1149 rudibus.
313 1071 459 1169 Scripsit
484 1075 593 1144 illum
619 1094 775 1170 rogatus
800 1098 819 1143 a
843 1075 1085 1171 Deogratias,
1113 1080 1180 1171 qui

83 1197 165 1251 crat
180 1179 379 1249 Diaconus
399 1174 575 1247 Ecclesiae
594 1171 900 1269 Carthaginensis,
921 1176 960 1244 id
981 1178 1085 1269 quod
1102 1178 1180 1273 ipse

83 1280 127 1353 in
138 1278 324 1376 principio
343 1278 429 1347 libri
444 1275 565 1347 verbis
582 1273 639 1347 his
656 1275 817 1349 indicata
845 1267 983 1371 Petiifii
1001 1302 1071 1363 nte,
1086 1282 1181 1349 Fra·

85 1394 144 1453 ter
167 1382 422 1479 DeogratiaS,
458 1393 499 1448 ut
526 1377 666 1471 aliquid
696 1376 746 1445 ad
775 1390 811 1446 te
841 1377 885 1447 cle
911 1375 1179 1449 catechizandis

83 1479 256 1563 rudibru,
300 1481 400 1574 quod
433 1477 499 1550 tibi
529 1472 606 1583 asni
634 1469 735 1579 effet,
767 1468 977 1577 scriberem.
1041 1483 1181 1552 Dixiti

81 1585 200 1666 enim,
229 1582 328 1677 quod
333 1574 448 1681 saepe
465 1578 568 1674 apud
578 1568 870 1675 Carthaginem,
899 1575 961 1649 ubi
979 1577 1175 1652 Diaconas

83 1708 143 1768 ea,
178 1683 228 1752 ud
251 1698 285 1753 te
310 1683 565 1766 adducuntur,
601 1683 663 1777 qui
673 1674 760 1777 fide
784 1677 860 1749 chri
875 1683 980 1749 tiana
1004 1684 1178 1776 primitus

85 1781 274 1856 imbuendi
286 1776 396 1883 sunt,
424 1805 465 1852 eo
494 1783 593 1875 quod
618 1771 845 1875 existimeris,
872 1778 1006 1851 habere
1023 1778 1192 1854 catechi-¹

82 1884 197 1957 candi
212 1880 370 1965 iuberem
384 1881 628 1978 facultatem,
658 1895 695 1950 et
713 1876 993 1980 doctrinafidei·
1005 1876 1178 1982 et'suavi·

85 1980 386 2086 tateserrnonis;
415 2000 450 2054 te
467 1998 591 2057 autern
609 1975 856 2078 penesen'aper
871 1974 1063 2079 angustias
1078 1988 1175 2079 pati,
1266 2038 1269 2042 -

80 2088 122 2159 id
140 2078 256 2185 ipsum
273 2086 373 2181 qnod
390 2086 566 2154 credendo
587 2073 781 2178 Christiani
791 2076 940 2182 suerrus,
969 2106 1042 2176 quo
1056 2099 1170 2179 pacto

83 2186 278 2260 eoramorle
307 2187 555 2257 intimandnm
576 2176 652 2284 fit;
691 2184 787 2255 aride
822 2184 1066 2266 exordienda,
1102 2211 1175 2281 quo

83 2310 200 2383 usqne
202 2280 256 2387 fit
268 2288 502 2383 perducenda
521 2288 688 2355 narratio
698 2311 714 2362 ‚·
735 2299 859 2354 atram
878 2281 1175 2359 exliortationem
1249 2368 1255 2379 ,

84 2390 254 2485 aliquam
278 2392 479 2458 terminata
510 2390 726 2456 narratione
758 2384 930 2455 aciliihere
958 2384 1173 2472 richemont,

84 2516 136 2562 an
166 2504 369 2587 praecepta
385 2483 491 2587 sola,
528 2487 657 2583 qnihus
688 2481 938 2583 observanciis,
977 2490 1034 2558 cui
1058 2488 1175 2585 l'oqai-

83 2616 189 2673 mur,
216 2594 358 2660 noverit
382 2582 616 2684 christianam
633 2593 752 2659 vitam
770 2579 1100 2683 profrffionernque
1122 2616 1176 2661 re·

83 2695 202 2763 tincti.
255 2698 361 2763 Patet
384 2718 428 2760 cx
453 2692 510 2761 his
531 2692 758 2772 luculenter,
784 2696 909 2760 Patres
929 2715 970 2761 ac
987 2696 1175 2765 Doctores

82 2790 264 2866 Ecclesiae
284 2790 504 2885 singularem
523 2791 675 2886 operam
694 2791 733 2859 in
752 2786 986 2865 institutione
1013 2794 1178 2864 cateche-

84 2895 158 2965 tica
185 2890 395 2972 collocasse3
431 2892 538 2962 sunul
565 2911 689 2962 autem
718 2891 884 2985 quodam
912 2892 1050 2978 modo,
1085 2896 1179 2989 quid

80 2997 182 3067 libro
200 2994 274 3065 hoc
293 2994 541 3063 contineatur.
595 2991 681 3064 Post
703 2993 944 3086 prooemium
967 2995 1106 3066 accedit
1131 2996 1180 3069 ad

64 3096 200 3192 'ipsam
228 3120 306 3164 rem
334 3095 487 3187 eiusque
517 3094 810 3190 expolitionem,
847 3119 940 3187 qnae
972 3097 1176 3168 commode

82 3199 124 3269 in
147 3196 237 3267 ditas
263 3208 384 3289 partcs
413 3194 534 3264 dividi
551 3192 682 3291 potest.
737 3197 926 3288 Inlpriore
944 3197 1057 3265 tradit
1073 3223 1177 3292 prae-

83 3314 203 3393 cepta,
224 3321 387 3390 quornm
407 3296 588 3366 summam
607 3315 717 3390 atique
738 3296 909 3367 ordinem
928 3296 1003 3391 ipse
1020 3290 1105 3393 Cap.
1118 3301 1175 3370 ll.
1239 3374 1243 3381 ,

81 3402 136 3471 ita
154 3417 316 3468 enarrat:
343 3404 478 3492 Itaque
496 3403 596 3491 prius
623 3398 803 3469 claritudo
829 3400 1050 3484 natantium,
1077 3399 1179 3494 qaod

84 3516 122 3571 te
145 3500 236 3568 celle
257 3505 415 3595 cognovi
426 3526 441 3577 ;
470 3514 548 3569 tant
568 3500 612 3568 cle
630 3500 889 3592 praecipiendo
914 3514 1027 3593 atque
1050 3499 1186 3571 cohar·.

84 3602 203 3671 tando
216 3627 230 3676 ;
254 3593 380 3693 pallea
406 3602 451 3669 ale
476 3599 547 3669 hac
571 3599 761 3671 hilaritate
786 3601 1054 3695 comparanda,
1084 3625 1179 3697 qtrae

82 3706 189 3773 Deus
201 3693 434 3801 jaggeffirit,
462 3694 677 3800 differenrnr.
722 3707 760 3771 ss
762 3698 814 3770 ria
831 3691 947 3799 igitur
964 3721 1180 3797 praecepto·

84 3828 171 3876 rum
192 3806 311 3897 capita
331 3802 533 3872 constituit.
561 3802 729 3874 Primum
748 3801 885 3871 disserit
903 3802 947 3873 de
965 3805 1075 3873 moda
1095 3830 1181 3873 nar·

84 3904 243 3976 rationis
252 3928 269 3982 ,·
291 3903 470 3999 intelligit
486 3922 610 3975 atatem
629 3898 962 3999 perdonationem
978 3904 1092 3997 ipsam
1107 3905 1192 3985 ¹clo·-

91 4005 256 4077 utrinam
279 4004 475 4100 religionis
500 4000 734 4089 christianae,
763 4005 919 4099 quaein
940 4006 1124 4100 Scriptura
1145 4011 1180 4077 S.

86 4112 135 4180 V.
151 4122 190 4179 et
203 4110 253 4181 N·
271 4110 316 4179 T.
335 4106 572 4192 continetur,
599 4125 785 4202 quatenus
802 4106 1076 4180 eatechumeno
1100 4132 1182 4203 per·
