2542 4724
364 313 400 394 Ο
430 336 519 399 ar.
556 320 658 391 XIII.
711 310 743 409 s.
773 314 856 393 124.
1088 322 1166 399 677

59 532 209 583 novum
228 522 515 606 argumentum,
545 502 796 599 suspicionem
822 505 1080 602 impudicitiae
1094 508 1165 585 esse

37 611 277 697 ¹vitandam,
305 633 376 678 nec
402 608 448 677 ad
474 606 698 700 pudicitiam
724 604 959 681 christianam
985 608 1161 698 sufficere,

59 730 107 784 ut
130 714 195 784 illa
217 713 256 780 in
283 728 437 805 pectore
459 707 621 779 feminae
646 709 807 779 omnino
833 707 897 793 sit,¹
937 711 999 783 sed
1022 711 1161 787 necesse

61 834 219 911 quoque
238 811 324 903 else,
353 827 397 887 ut
414 807 479 891 ista
496 810 668 882 videatur
687 806 778 881 casta
795 834 838 882 ac
852 812 1000 907 pudica,

165 974 382 1043 Grumum
407 968 501 1039 liber
518 966 563 1038 de
580 965 726 1045 Habitu
746 967 788 1035 V
786 970 969 1079 irginum¹
995 970 1063 1045 ubi
1077 971 1159 1077 Vir.

26 1084 34 1098 ⁰
60 1071 169 1171 gines
189 1072 375 1157 hortatur,
403 1087 446 1141 ut
465 1070 508 1139 ab
525 1071 630 1141 inani
652 1070 757 1141 cultu
775 1095 816 1141 ac
832 1072 938 1142 vania
957 1097 1159 1145 ornamen-

59 1175 112 1247 tis
133 1170 357 1256 abstineant,
384 1198 510 1243 veram
529 1171 785 1253 continentiae
803 1196 845 1245 ac
859 1173 1062 1266 pudicitiae
1077 1178 1159 1247 lau·

61 1274 151 1347 dem
176 1273 241 1345 fibi
268 1274 489 1357 concilient,
519 1273 646 1344 omnia
664 1270 836 1370 fugiant,
864 1298 958 1367 quae
981 1277 1159 1351 homines

60 1376 110 1447 ad
143 1401 277 1472 pravas
312 1376 535 1470 cupiditates
571 1392 684 1469 atque
718 1375 766 1445 ad
798 1392 948 1469 peccata
987 1376 1156 1465 incitare,

58 1482 187 1550 Deum
205 1495 332 1547 autem
349 1478 396 1547 ad
414 1476 508 1547 iram
524 1501 566 1547 ac
581 1500 723 1570 poenas
740 1476 963 1575 infligendas
985 1502 1158 1551 commo·

58 1604 150 1653 vere
168 1575 315 1673 possint.
367 1578 504 1661 Addit,
533 1578 703 1651 sectanda
730 1576 798 1650 esse
822 1597 970 1651 aeterna
995 1604 1038 1651 ac
1061 1578 1158 1650 divi·

57 1706 130 1765 na,
155 1678 389 1754 imitandum
407 1676 603 1751 Christum.
639 1680 809 1779 Virgines
827 1705 908 1753 non
924 1680 1078 1777 gloriari
1095 1681 1157 1753 de·

57 1782 148 1857 bere
173 1782 219 1855 <le
244 1781 319 1855 suis
345 1781 487 1853 divitiis
512 1779 710 1876 iubetque,
734 1778 891 1853 vestium
912 1780 1070 1879 inhgnia
1091 1806 1157 1855 ne·

57 1884 218 1983 gligere;
246 1879 422 1954 cerussam
440 1906 523 1952 nou
544 1882 720 1953 adhibere
744 1882 791 1953 ad
815 1908 963 1954 novum
986 1884 1157 1957 colorem

57 1984 213 2080 corpori
238 1979 489 2068 asserendum,
516 1984 717 2078 quoniam,
746 1983 812 2053 ubi
829 1984 906 2055 hoc
923 1984 1009 2069 stat,
1036 1990 1156 2071 Deua,

58 2087 126 2183 qui
153 2112 291 2179 corpus
318 2084 558 2173 formaverit,
600 2084 911 2179 reprehendatur3
955 2110 1041 2156 cum
1065 2086 1156 2179 viris

55 2188 189 2259 balnea
215 2212 296 2261 non
324 2187 516 2258 celebrare.
578 2192 754 2283 Spectant
778 2187 855 2257 hnc
877 2186 948 2257 alia
972 2185 1157 2280 quaedam

57 2288 237 2385 Cypriani
263 2288 395 2381 scripta
421 2306 532 2383 atque
546 2287 594 2376 [in
613 2288 670 2359 his
687 2289 733 2359 de
751 2286 870 2382 Opere
886 2300 921 2359 et
936 2277 1155 2386 Eleemosy-

56 2394 133 2474 uir,
159 2414 236 2485 quo
256 2391 396 2461 multas
421 2414 463 2460 ac
485 2390 676 2487 graviores
695 2390 861 2461 rationes
887 2388 1070 2474 recenset,
1103 2388 1154 2463 ob

56 2516 151 2585 quas
172 2488 426 2563 misericordia
453 2515 497 2560 ao
518 2491 720 2563 liberalitas
745 2516 830 2587 erga
848 2514 1029 2586 pauperes
1043 2515 1155 2563 mon·
1204 2562 1207 2569 ,

54 2590 201 2685 stranda
218 2592 283 2676 lit,
311 2592 353 2661 it.
366 2592 477 2663 Liber
496 2592 541 2663 de
558 2592 654 2663 Zelo
672 2608 709 2661 rt
724 2596 877 2675 Liuore,
904 2610 1037 2663 contra
1055 2592 1155 2665 invi·

55 2694 178 2781 diam,
204 2718 298 2793 quae
315 2688 526 2767 detestabile
541 2692 609 2766 esse
624 2695 761 2767 vitium
788 2688 1029 2773 monstratur,

159 2852 409 2921 Auouartnr
435 2848 545 2921 Libb.
571 2854 609 2921 11
638 2849 685 2921 de
716 2850 908 2947 coniugiis
938 2834 1154 2921 hdulterinis

57 2950 111 3022 url
134 2952 376 3036 Pollentiam,
413 2951 549 3045 quibus
576 2951 697 3021 Paulli
721 2952 833 3024 verba
858 2951 1155 3046 sententiamque

57 3052 105 3123 de
124 3053 328 3151 coniugio,
359 3052 558 3123 sCariuth.
575 3058 653 3123 Vll.
674 3050 831 3125 illustrat
854 3052 1091 3148 disputatque
1108 3054 1154 3127 de

58 3155 227 3225 diuortio
249 3180 290 3224 ac
307 3154 351 3224 de
370 3150 660 3249 quaestionibus,
678 3179 773 3250 quae
790 3154 837 3227 ad
854 3154 950 3225 illud
969 3154 987 3224 s
1010 3172 1153 3228 ectantt

52 3280 150 3327 num
173 3256 382 3325 divortium
401 3256 480 3325 lieri
498 3254 607 3351 possit
624 3256 725 3351 sique
749 3256 788 3328 id
805 3254 948 3329 factum
982 3274 1030 3338 rt,
1056 3281 1153 3329 num
1183 3262 1187 3269 '

53 3358 184 3437 liceat,
216 3380 363 3427 norum
394 3355 633 3427 matrimonii
664 3354 802 3430 foedus
832 3356 938 3428 inire.
997 3354 1153 3429 Exstant

52 3459 244 3529 nonnulla
267 3458 336 3527 alia
350 3454 547 3555 Augustini
564 3458 708 3553 scripta,
727 3480 822 3553 quae
838 3458 885 3529 ad
901 3462 1032 3531 locum
1048 3459 1152 3530 hunc

51 3556 184 3631 referri
210 3559 340 3630 solent.
395 3564 438 3629 ln
466 3558 521 3630 his
548 3554 596 3631 est
621 3558 714 3630 liber
739 3560 784 3632 de
809 3562 1034 3647 Mendacio,
1070 3584 1149 3653 quo

54 3662 232 3757 explanat
249 3660 448 3731 'mendacii
475 3679 648 3731 naturam
666 3662 716 3731 ¹ac
740 3658 938 3757 postquam
967 3658 1151 3759 quaestio·

51 3786 140 3833 nem
157 3762 377 3857 proposuit:
393 3788 487 3833 num
505 3762 744 3835 mendacium
761 3762 882 3834 dicere
896 3760 1036 3835 liceat?
1058 3780 1149 3835 octo

52 3864 341 3935 mendaciorum
360 3888 493 3963 genera
510 3864 673 3935 recenset
697 3881 809 3959 atque
826 3862 1009 3948 affirmat,
1036 3889 1151 3936 num·

52 3990 167 4059 quana
196 3962 264 4034 elle
286 3965 560 4037 mentiendum.
614 3966 718 4037 Idem
738 3964 866 4038 statuit
883 3964 1000 4036 Libro
1017 3981 1151 4037 contro
1238 3960 1248 3975 ⁰

50 4068 297 4136 Ilserrtlaciunt
314 4068 365 4135 url
384 4061 629 4165 Consentium.
682 4066 900 4164 liespondet
922 4066 976 4135 ibi
1001 4065 1048 4136 ad
1064 4066 1150 4137 scri.

50 4184 130 4263 pta,
159 4192 254 4261 quae
269 4164 337 4263 ipsi
356 4166 595 4243 diiudicanda
610 4166 760 4243 miserat
776 4166 1002 4245 Consentius
1021 4167 1066 4239 de
1085 4166 1148 4239 ad·
