2542 4724
142 258 243 337 750¹·
461 262 542 333 Ca
567 279 605 331 n.
629 262 727 331 XIV.
779 256 814 351 §.
843 256 926 335 134.

147 445 309 524 ostendit
326 460 439 539 atque
458 459 603 515 enarrat
620 443 1238 553 Io.Futuo.Bunnzus1sagog.

67 582 72 591 ·
147 550 200 623 od
220 548 347 619 Tlteol.
366 539 516 645 univers.
537 543 636 616 Libr.
656 548 714 619 11.
733 551 819 641 Cap.
836 550 873 619 7.
897 548 930 635 §.
946 548 982 621 lt.
1013 576 1052 645 p.
1072 554 1186 629 1075.
1208 572 1239 627 et

144 658 271 725 ΒΤΡΗ.
296 652 447 720 vvmsr
470 635 646 740 Instituta.
670 648 809 742 patrol.
834 652 869 737 §.
886 648 961 723 3‘45
984 650 1068 747 sqq.
1141 660 1239 729 Prae·

144 770 263 834 terea,
290 773 385 845 quae
403 746 703 841 Hipponenlium
722 749 870 820 Praesul
895 750 941 821 de
958 754 1092 826 Gratia
1120 755 1238 829 diviua

77 881 82 893 ¹
143 854 272 925 minus
289 868 386 920 recte
402 867 512 942 atque
529 867 696 919 accurate
717 849 891 934 tradidit,
916 851 957 921 in
971 858 1237 930 monumentis

145 955 224 1027 eius
252 952 320 1021 alia
344 949 496 1020 duriora
526 944 633 1019 effata
668 969 882 1023 occurrunt.
942 952 1137 1029 Christum
1163 977 1237 1029 tan-

144 1072 229 1126 tutu
247 1050 451 1123 secundum
472 1052 691 1135 humanam,
717 1076 797 1122 non
823 1070 947 1124 autem
971 1052 1088 1127 fimul
1115 1058 1237 1131 secun·

146 1155 239 1227 dum
266 1153 431 1223 divinam
454 1168 627 1222 naturam
650 1152 895 1224 mediatorem
924 1152 1013 1240 effe,
1050 1156 1236 1233 affirmare

142 1254 305 1337 videtur,
323 1278 440 1348 quum
455 1252 506 1323 ita
524 1252 647 1323 scribit
663 1250 762 1323 Libe.
773 1260 818 1325 >L
831 1246 1054 1351 Confeffion.
1070 1262 1234 1355 Catuli&

148 1360 257 1427 Your.
274 1360 306 1425 Ι.
334 1354 443 1449 Oper.
468 1380 505 1448 p.
526 1350 609 1425 146.
636 1354 723 1424 edit.
747 1355 936 1425 Benedict.
971 1360 1232 1457 Antverpiens.

140 1461 189 1529 Iu
214 1470 394 1552 quantum
419 1452 551 1539 hotuo,
580 1456 616 1523 iu
641 1468 790 1525 tantum
814 1456 1034 1543 retentator„
1056 1464 1098 1531 in
1123 1490 1234 1557 quan.

141 1570 223 1628 tum
242 1570 367 1626 autem
384 1552 549 1626 Verbum
565 1579 639 1625 non
662 1557 819 1639 titedius,
847 1560 933 1650 quia
960 1562 1140 1655 aequalis
1156 1566 1232 1635 Deo

140 1662 288 1729 etDeus
299 1658 400 1752 apud
409 1660 533 1727 Deum
543 1648 699 1753 etfiutul
714 1682 797 1727 cunt
806 1660 993 1751 Spiritus.
1012 1688 1114 1733 unus
1121 1670 1230 1738 Deus.

137 1758 377 1830 Aliistamen
393 1758 488 1829 locis
510 1762 705 1829 veritatem
726 1756 906 1852 profeffus
924 1756 975 1831 est
993 1785 1037 1833 ac
1065 1768 1229 1852 tradidit,

138 1854 324 1931 Christum
346 1884 416 1955 pro
443 1877 601 1953 utraque
631 1876 763 1929 natura
791 1884 946 1931 munere
970 1864 1229 1941 conciliatoria

137 1957 380 2056 perfunctum
398 1958 475 2033 effe.
509 1964 735 2031 DePecaato
753 1964 905 2059 originis
925 1964 1096 2058 graviter
1114 1968 1229 2065 dispu-

136 2077 193 2134 tat
219 2080 348 2132 contra
365 2062 564 2160 Pelagium·
583 2086 625 2132 ac
648 2080 746 2133 recte
770 2062 909 2147 ass'erit,
936 2086 1104 2141 cunctos
1130 2096 1228 2143 mot·

136 2163 229 2233 tales
246 2163 330 2235 labe
347 2161 411 2237 ista
434 2164 483 2236 ita
500 2164 653 2235 vitiatos
670 2180 706 2233 et
721 2182 920 2257 corruptos
940 2162 1029 2249 ess'e,
1060 2188 1111 2243 ut
1128 2170 1229 2247 omni

136 2260 316 2336 facultate
340 2282 509 2349 careant,
534 2290 573 2335 ea
595 2264 749 2360 agendi,
775 2288 868 2359 quae
884 2289 970 2337 vere
988 2266 1096 2341 bona
1114 2275 1226 2369 eopia

134 2364 242 2449 sunt3
283 2367 468 2463 virginem
492 2366 654 2437 Mariam
687 2384 811 2437 autem
837 2391 857 2437 e
879 2390 1042 2439 numero
1071 2372 1225 2447 illorum

135 2467 312 2551 eximere,
346 2492 426 2537 non
450 2467 606 2537 dubitat.
654 2470 716 2537 De
740 2470 884 2564 virgine
908 2468 1068 2555 Maria,
1103 2478 1224 2571 inquit

135 2567 183 2638 de
199 2570 351 2638 Natura
375 2582 410 2637 et
426 2569 559 2638 Gratia
583 2581 713 2637 contro
730 2570 927 2667 Pelagium
947 2571 1222 2667 Cop.X.XXV1.

137 2672 245 2741 Toni.
257 2674 302 2741 X.
325 2672 434 2764 Oper.
453 2695 489 2764 p.
500 2672 582 2749 97„
600 2683 754 2763 propter
770 2667 946 2741 honorem
962 2674 1132 2751 Domini
1147 2680 1223 2749 nul·

133 2770 211 2840 lam
229 2765 394 2870 prorjus,
419 2796 532 2865 quum
556 2770 601 2839 de
622 2773 783 2863 peccatis
807 2774 954 2867 agitur,
980 2772 1120 2851 haberi
1140 2782 1220 2851 volo

132 2862 398 2967 quaestionem,
431 2896 473 2941 ac
496 2870 623 2965 paucis
648 2870 892 2966 interpolitis:
933 2876 1007 2947 lanc
1035 2900 1133 2981 ergo
1155 2886 1221 2953 vir-

127 2974 216 3069 gine
233 2987 400 3068 excepta,
423 2961 584 3066 fiontnes
600 2971 845 3044 illosSanctos
862 2978 1085 3066 effloruerat,
1111 3005 1217 3075 quum

128 3074 187 3144 hic
209 3077 390 3157 viverent,
424 3097 654 3171 congregare
684 3067 863 3173 peffemus
895 3090 931 3145 et
962 3081 1217 3184 interrogare:

127 3188 253 3245 utrum
277 3168 386 3275 effent
397 3166 479 3271 fine
502 3169 685 3268 peccato?
705 3246 709 3255 ,
727 3176 814 3281 quid
829 3167 943 3277 fuiffe
968 3176 1214 3285 responsuros,

124 3290 303 3371 putamus
323 3290 448 3345 utrum
467 3271 555 3360 hoc,
583 3277 682 3369 quod
702 3270 765 3370 the
781 3278 888 3361 dicit,
915 3304 966 3349 nn
984 3288 1092 3371 quod
1107 3292 1214 3357 Ioan-

125 3399 188 3447 nes
209 3366 409 3472 Apostolus
425 3394 531 3449 ceter.
584 3376 819 3471 Baptisntutn
834 3379 989 3453 Ioannis
1009 3410 1055 3455 ea
1076 3390 1214 3461 ratione

124 3500 145 3549 a
162 3478 349 3572 baptismo
367 3475 498 3550 Christi
523 3473 716 3574 distinguit
730 3482 894 3549 Seretion.
914 3486 1021 3557 CCX.
1049 3490 1158 3560 Tom.
1172 3496 1210 3561 V.

126 3581 236 3674 Oper.
245 3577 376 3674 pata
395 3598 431 3650 et
449 3584 573 3651 Gontr.
591 3577 734 3651 litteras
750 3581 922 3651 Petiliani
938 3582 1045 3657 Liar.
1056 3594 1090 3659 1.
1108 3590 1207 3681 §.Su

127 3684 235 3753 Tam.
252 3686 315 3751 1x.
342 3705 377 3774 p.
398 3680 504 3766 166„
531 3697 575 3751 ut
597 3680 655 3751 illi
670 3680 817 3766 minus,
841 3706 955 3777 quam
976 3688 1126 3779 peresa,
1152 3690 1208 3763 tri·

120 3782 224 3853 bnat.
276 3785 307 3852 A
326 3780 502 3852 sententia
522 3808 664 3867 eornm,
693 3783 758 3877 qui
777 3800 923 3875 putant,
950 3790 1084 3861 Deum
1107 3816 1206 3864 niun·

121 3884 213 3954 dum
227 3883 265 3953 in
281 3901 479 3953 momento
498 3884 678 3977 temporis
697 3882 918 3967 condidiffe,
943 3886 1052 3961 hand
1070 3894 1202 3963 alietnu

118 3982 214 4067 fuit,
244 3984 413 4080 quamvis
435 4001 514 4055 tam
532 3982 687 4055 confuse
703 3986 771 4055 hac
788 3983 833 4054 de
849 4010 888 4055 re
903 3986 1098 4083 loquatur
1114 3992 1199 4063 [ἱὸν.

118 4090 179 4161 IV.
199 4084 244 4157 cle
263 4076 387 4184 Genafi
403 4086 455 4157 cni
468 4087 632 4155 litteram
648 4088 734 4181 Cap.
744 4086 794 4157 33
811 4084 875 4182 sq,
903 4106 948 4159 ut
963 4090 1117 4169 difficile
1133 4092 1196 4169 fare
