2542 4724
130 249 208 328 690
435 240 524 363 (ἦ)
551 264 588 315 r.
621 246 721 349 IIIII.
775 242 811 333 ᾗ.
840 239 925 315 128.

60 492 63 497 -
136 432 351 513 bellandum
372 425 581 502 Diabolum
607 428 653 499 rie
668 428 801 501 divinis
818 418 945 523 eastris
965 388 1053 499 sam
1065 427 1184 525 plena
1198 442 1234 501 et

126 532 275 640 fineeru
289 534 364 605 Dei
380 532 505 601 Patris
529 544 567 601 et
584 522 715 626 Christi
730 545 765 600 et
781 533 940 625 Spiritus
957 528 996 599 8.
1015 533 1234 627 cognitione

134 634 356 738 procederes
384 635 514 705 deinde
529 656 594 701 nec
610 635 752 724 privari
767 633 953 727 Baptismi
967 633 1233 717 Sacramento,

140 750 274 834 utpote
290 742 351 832 qui
369 734 603 831 baptizentur
610 723 864 829 gloriofiffimo
882 746 918 803 et
934 734 1107 803 ruaxiruo
1126 732 1233 803 San-

117 840 301 942 -guinis
324 840 596 931 Baptisrno‚
625 834 669 903 tse
693 857 765 928 quo
794 848 830 903 et
856 837 1045 906 Dominus
1073 831 1232 920 dicebat,

141 937 275 1015 trabae
289 928 333 1034 se
362 938 465 1011 aliud
487 937 682 1029 Baptisma
702 932 897 1028 baptizari.
953 935 1153 1030 Sanguine
1168 963 1232 1005 aa·

142 1056 218 1113 tem
231 1030 302 1136 sao
330 1038 542 1135 baptizatos
566 1049 602 1105 et
618 1027 1044 1139 paffionesanctficatos
1064 1030 1231 1135 consum·

24 1132 26 1137 ⁵
141 1143 240 1217 mari
262 1153 297 1207 et
319 1143 465 1213 <livinae
486 1137 766 1232 pollicitationis
789 1144 958 1233 gratiam
973 1130 1160 1231 consequi,
1178 1138 1234 1207 ‹le-

141 1244 264 1317 clarat
288 1242 324 1313 in
349 1239 559 1335 Evangelio
583 1232 679 1307 irlem¹
702 1240 900 1320 Dominus,
926 1238 1077 1332 quenula
1107 1240 1163 1307 ad
1181 1240 1233 1308 sa-

142 1359 306 1428 iranem,
338 1346 375 1414 in
399 1338 477 1441 ipsa
502 1328 664 1433 paffioue
688 1339 893 1408 credentem
920 1354 956 1408 et
980 1335 1233 1435 eorfitentem,

143 1434 590 1541 loquitnretquocssecum
603 1440 624 1531 j
627 1438 757 1508 'utaras
760 1432 814 1535 fit
830 1434 1064 1538 inpuraeliso,
1082 1442 1233 1535 possiet.

143 1561 214 1619 tar.
242 1540 735 1617 IdemAuctordeOratiou.
748 1542 916 1611 dominic.
926 1541 1074 1633 pm:
1098 1542 1232 1643 Quale,

142 1645 281 1740 inquit,
302 1646 474 1715 ‹teta-tam
489 1632 552 1735 est,
578 1642 679 1734 quoel
698 1666 763 1711 nec
778 1645 990 1736 Baptista
1004 1665 1027 1711 o
1044 1634 1080 1740 s
1078 1670 1105 1713 a
1115 1670 1201 1741 agn
1210 1647 1236 1711 i·

141 1752 214 1818 nis
238 1738 356 1843 potest
380 1738 511 1814 ablui?
538 1742 805 1836 qualecrimen
829 1734 890 1837 est,
915 1744 1015 1838 qnoel
1032 1744 1232 1843 Martyrio

141 1873 218 1919 non
241 1838 360 1944 potest
382 1841 598 1940 expiari?*)
632 1846 848 1915 Oatcanas
872 1842 1113 1939 Baptisnium
1135 1850 1233 1917 Mar·

142 1949 234 2042 tyrii
254 1947 404 2021 vocavit
426 1947 664 2042 Baptisrnnm
683 1949 904 2043 perignem,
922 1965 966 2017 ut
981 1972 1029 2017 ex
1045 1952 1229 2021 Eusrmo

142 2048 225 2123 Lit.
253 2054 323 2120 VI.
352 2037 446 2143 Hist.
472 2047 556 2118 eccl.
582 2051 668 2141 Cap.
694 2042 730 2117 li.
757 2063 871 2141 putet,
896 2065 934 2118 et
957 2044 1177 2133 affirmavit,
1198 2046 1235 2117 ri

141 2152 247 2225 illius
270 2150 466 2223 hominem
488 2147 646 2244 peccatis
669 2150 834 2243 purgari.
894 2150 1013 2221 Verba
1036 2150 1122 2223 cius
1151 2150 1234 2223 sunt

145 2257 351 2325 Commeat.
363 2255 398 2322 in
407 2248 551 2321 Manli.
565 2250 627 2319 Tr.
640 2252 749 2319 XVI.
762 2256 873 2321 Tom.
883 2256 946 2321 III.
962 2253 1075 2346 Oper.
1086 2278 1124 2348 p.
1133 2254 1231 2329 718.-

94 2393 98 2402 ·
142 2341 1232 2450 SipeceatornmrerutffionerupolliceturBaptisma,quera·

143 2457 348 2531 admotum
372 2456 579 2548 accepimns
604 2454 648 2522 ese
665 2456 901 2547 Baptisrnate
925 2458 963 2525 in
989 2481 1095 2550 aqua
1117 2472 1153 2527 et
1156 2452 1231 2559 spi·

143 2563 243 2635 ritn,·
268 2545 506 2650 renuffionem
531 2568 655 2623 autem
676 2554 915 2647 peecatorum
939 2559 1071 2651 recipit
1087 2562 1229 2645 itidem,

143 2662 207 2757 qui
236 2657 421 2753 Martyrii
440 2657 640 2748 Baptisrnu
671 2656 825 2751 perfert.
875 2662 1118 2756 Martyrium
1141 2658 1231 2765 sant

141 2759 443 2851 recteBaptisma
461 2757 533 2824 esici
549 2746 667 2850 potest
675 2782 693 2834 ,·
717 2773 874 2851 peccata
890 2775 1016 2831 uatem
1034 2764 1068 2831 ei
1083 2768 1230 2848 remitti,

142 2864 206 2959 qui
229 2858 463 2954 Martyrium
495 2860 658 2950 patitur,
693 2857 806 2951 liquet
835 2884 882 2931 ea:
910 2860 1057 2931 Maltlr.
1095 2868 1147 2949 X,
1174 2866 1227 2938 3¹2.

142 2960 373 3057 Opinionem
400 2974 436 3027 et
458 2956 669 3028 doctrinam
693 2959 790 3031 hanc
817 2980 986 3056 tempore
1011 2959 1084 3037 isto
1113 2968 1230 3039 omni·

140 3064 213 3135 bus
233 3054 443 3130 Christianis
460 3057 835 3147 commeminisse,
854 3088 958 3133 exeo
977 3065 1119 3153 elucet,
1130 3068 1229 3163 quod

141 3189 201 3237 res
223 3164 313 3241 haec
337 3178 415 3231 tam
442 3159 594 3256 cognita
620 3177 772 3255 tamque
796 3166 1015 3261 pervulgata
1040 3166 1226 3253 exstiterit,

141 3284 189 3336 ut
215 3261 319 3335 istam
337 3261 513 3331 homines
533 3257 769 3354 superstitiosi
785 3263 885 3335 haud
899 3266 1137 3361 ignorarent.
1186 3278 1225 3343 sn

141 3370 250 3440 Actis
265 3364 449 3457 Martyrii
464 3364 670 3456 Perpetaae
687 3390 732 3434 ac
740 3368 939 3437 Felicitatis
954 3367 1001 3439 de
1019 3375 1224 3447 saturoca·

142 3469 391 3549 techumen0‚
421 3461 603 3557 leopardo
622 3467 827 3557 proiecto,
861 3469 1023 3542 relatum
1053 3476 1220 3573 legimus,

141 3570 253 3641 illum
280 3566 325 3637 dc
341 3589 419 3638 uno
434 3563 562 3637 morsu
578 3582 685 3637 tanto
704 3566 893 3662 perfusum
912 3568 1021 3641 fuisse
1036 3574 1219 3675 sanguine,

142 3691 189 3743 ut
203 3669 368 3765 populus
388 3662 643 3739 testimonium
661 3667 886 3741 desecando
905 3674 1107 3766 Baptismo
1128 3680 1216 3749 dixe·

140 3773 193 3844 rit
223 3789 260 3841 et
292 3795 358 3865 per
388 3765 595 3838 irrisionem
621 3770 851 3842 clamaverit:
895 3774 1057 3847 Salutem
1084 3774 1217 3851 tatum!

141 3872 299 3943 Saluum
313 3866 460 3941 totum!
484 3868 653 3941 Per-versa
678 3884 754 3942 crat
777 3872 959 3968 persuasio
979 3877 1085 3966 hacc,
1102 3884 1142 3953 in
1155 3902 1213 3977 qut

173 4105 199 4164 ⁰)
217 4100 261 4156 ct.
279 4096 502 4155 exhortatione
519 4096 670 4170 Martyris
685 4116 714 4173 p.
734 4104 793 4159 tot.
