2542 4724
88 250 166 341 alo
360 193 374 217 ⁴
412 264 447 339 C
475 283 500 334 a
527 286 563 335 r.
597 260 678 335 Vn.
731 264 765 357 §.
792 260 853 337 70.

86 452 233 530 dicium
249 469 285 523 et
302 474 478 534 acumen,
512 475 625 545 qnam
644 450 684 521 in
708 450 791 523 aliis
806 448 979 550 Gregorii
993 451 1177 549 poemati·

87 552 178 639 bur,
205 554 452 636 utvideatur,
479 549 599 625 inelle.
617 550 655 641 *)

189 660 433 726 Gnaeonrua
459 656 662 735 Naeioae„
710 651 882 749 princeps
913 653 1012 725 inter
1041 660 1178 729 Poetae

8 814 15 847 ·.
53 796 57 803 ·
88 752 305 829 christianos
323 778 487 853 graecos,
515 756 579 850 qui
596 755 717 825 multa
735 755 880 852 egregia
897 756 1069 827 Carmina
1086 780 1180 828 con·

88 854 245 953 scripht,
272 856 409 953 partim
426 854 661 927 coniunctim
680 857 721 926 in
738 857 906 929 eiusdem
926 854 1104 951 Operibus
1120 884 1177 956 gr.

88 959 210 1031 aelel..
230 983 260 1029 c.
278 958 435 1031 scholiis
452 963 532 1028 Iac.
550 962 714 1040 Brenn,
749 957 885 1054 partim
904 958 1098 1053 separatim
1113 984 1179 1029 va·

86 1060 153 1134 riis
169 1060 210 1131 in
226 1060 321 1131 locis
340 1058 449 1130 edite.
509 1064 613 1154 Quae
636 1058 758 1130 adhuc
778 1058 817 1128 in
840 1059 1087 1131 Bibliothecie
1112 1060 1178 1131 de·

85 1160 283 1245 licuerant,
319 1182 451 1232 eorum
473 1162 594 1231 multa
622 1158 705 1231 sane
720 1160 843 1231 lucem
861 1155 984 1255 postea
1000 1160 1178 1257 adspexe-

85 1279 187 1346 runt,
206 1263 246 1331 in
265 1284 431 1357 quorum
446 1284 607 1332 numero
625 1261 728 1330 sunt:
755 1267 963 1332 Gnnoonrr
977 1263 1176 1346 Nazianz,

90 1362 275 1462 Theologi
294 1366 470 1433 connino
488 1386 635 1460 cygneo
655 1362 813 1445 inedito,
849 1386 944 1457 quae
966 1369 1046 1434 Iac.
1066 1370 1178 1435 Tor,-

85 1488 183 1535 mos
208 1490 238 1535 c.
256 1465 358 1535 notis
383 1464 475 1535 iuris
494 1463 636 1557 publici
653 1460 744 1533 fecit
770 1463 811 1533 in
830 1454 906 1560 Infi
947 1461 1004 1532 aih.
1025 1466 1177 1537 itinero·

85 1568 132 1636 rii
144 1566 269 1637 Italici
285 1592 320 1661 p.
334 1566 351 1636 1
365 1565 460 1659 sqq.;
486 1564 664 1658 Eiusdem
685 1567 874 1647 Cannino,
905 1569 1176 1664 reeEpigram-

14 1714 17 1719 -
85 1681 194 1745 enata
218 1666 312 1750 228,
348 1691 377 1736 c.
404 1666 507 1737 notia
537 1662 643 1737 Lu'n.
676 1668 784 1737 Ana.
815 1672 1090 1757 Monaronu,
1131 1668 1174 1739 in

84 1768 266 1838 Aaecdot.
282 1790 410 1865 graec.
428 1792 465 1863 p.
486 1769 505 1839 1
525 1766 602 1863 sqq.
1013 1758 1017 1767 ’
1083 1824 1092 1835 .

186 1872 404 1953 Srnasros,
432 1874 653 1961 Cyrenaeus,
681 1867 929 1941 Ptolomaidis
947 1868 1080 1967 lapiso,
1107 1872 1176 1967 qni

83 1968 331 2065 Eloquentiae
351 1994 393 2040 ac
407 1969 567 2043 Poenos
589 1968 700 2041 laude
718 1969 848 2041 lloruit
864 1996 906 2043 ac
922 1968 1099 2070 Hym'nos
1118 1970 1173 2060 X,

82 2066 204 2165 lyrico
233 2070 405 2143 carminis
431 2096 564 2169 genere
590 2070 760 2165 reliquit,
790 2071 932 2168 saepius
949 2074 1072 2146 editos
1087 2098 1175 2147 non

83 2171 209 2245 folum
230 2171 272 2243 in
300 2172 379 2244 eius
405 2170 601 2267 Operibus,
633 2170 697 2269 led
722 2173 833 2244 etiam
864 2172 1078 2269 separatim,
1111 2178 1177 2249 rel

82 2270 178 2359 line,
203 2274 265 2345 vel
283 2299 371 2346 cum
386 2274 694 2371 interpretatione
708 2274 834 2345 latina.
851 2273 911 2366 **)

182 2368 627 2475 BasrerosSeleucieafis,
647 2376 881 2448 Seleuciaein
891 2378 1027 2452 Isauria
1037 2378 1172 2475 Episc,

81 2476 122 2548 in
140 2477 245 2551 cuius
271 2478 414 2572 seriptis
439 2497 657 2549 numeratur
675 2481 717 2546 V
716 2480 770 2547 ita
790 2476 968 2565 Theclae,
1003 2480 1174 2553 lemene

79 2580 200 2677 ligato
219 2576 445 2673 composita,
474 2604 568 2674 quae
585 2596 710 2651 antem
723 2580 876 2652 interiit.
929 2583 987 2653 Ab
1004 2607 1045 2655 ee
1059 2584 1174 2677 plane

81 2680 221 2751 diversa
239 2680 344 2751 lunt:
369 2682 470 2751 Aeto
487 2696 524 2751 et
538 2682 720 2752 miraculo
736 2686 774 2752 S.
793 2674 964 2781 Apostoli
983 2699 1021 2754 et
1034 2688 1171 2753 Ρνοεο-

80 2786 261 2879 roartyris
281 2780 451 2865 Theclae,
469 2806 565 2878 quae
582 2780 718 2854 Balilio
736 2785 826 2854 huie
842 2786 944 2856 haud
958 2784 1074 2858 tribui
1087 2784 1174 2881 pol·

79 2880 186 2964 lunt,
213 2883 301 2955 lieet
314 2906 458 2954 nornen
474 2884 553 2955 eius
571 2882 793 2979 praeferant.

69 3022 73 3029 ·
179 2990 362 3057 Noa'noa
380 2987 622 3081 Panopolites
636 2987 857 3082 Aegyptius,
874 2988 981 3061 cuius
999 2989 1079 3059 duo
1088 3014 1174 3061 mo·

79 3106 261 3165 numento
287 3088 435 3184 poetica
460 3088 704 3159 memoranda
731 3087 828 3160 sunt.
891 3088 1046 3163 Exstant
1069 3092 1172 3161 illiue

80 3181 312 3291 Dioayfiaco
334 3187 360 3260 l.
382 3188 428 3261 de
445 3188 551 3261 rebus
564 3187 725 3273 Bacchi,
759 3192 921 3263 carmine
945 3190 1100 3264 heroico
1125 3193 1173 3264 li-

78 3294 231 3387 brisque
244 3290 308 3375 48,
326 3313 423 3387 quos
440 3291 485 3362 ab
504 3315 568 3374 eo,
601 3292 777 3389 religioni
794 3316 1027 3391 paganorum
1044 3292 1172 3365 homi·

77 3420 175 3467 nem
198 3392 320 3463 adhuc
344 3393 515 3476 addicto,
549 3393 705 3487 scriptos
727 3391 812 3479 elle,
848 3394 1024 3465 nonnulli
1050 3394 1172 3489 suspi-

80 3514 231 3579 cantur,
259 3494 321 3563 olii
339 3512 464 3565 autem
480 3495 796 3577 animadvertant,
827 3496 905 3565 heri
921 3496 1083 3566 omnino
1100 3522 1173 3591 po·

77 3594 196 3681 tuille,
222 3612 266 3666 ut
281 3596 356 3679 ille,
383 3593 580 3692 pollquanr
603 3592 834 3667 christianam
850 3598 1075 3695 religionem
1091 3620 1172 3697 μυι-

112 3832 140 3895 ·)
158 3828 225 3880 via.
244 3826 277 3881 ll.
295 3826 326 3878 0.
347 3827 417 3879 han,
440 3824 601 3880 Erensr'inr
627 3824 672 3879 Pr.
695 3826 813 3879 Drama
836 3820 1054 3887 christianum,
1086 3826 1173 3895 quael

146 3896 263 3971 Χριστὸς
279 3898 395 3965 πάσχων
410 3892 602 3963 inscribitur,
620 3914 696 3951 num
713 3896 859 3967 Gregorio
874 3894 1018 3949 nazaha.
1034 3892 1171 3949 tribuen-

146 3966 221 4019 dum
236 3964 293 4026 lei,
319 3965 378 4019 len.
398 3968 470 4021 1816.
493 3970 518 4021 4.

112 4052 276 4189 “alm
293 4046 945 4195 llltzhll'ss'lll.{llil}'‘lf'llll‘f’
963 4048 1079 4119 m„
1096 4050 1171 4105 ”’”·
