2542 4724
38 186 198 327 sato
371 247 887 335 ·Crr.vl1.·,§.77.

123 460 208 513 tum
223 444 462 511 momentum
480 438 640 519 habent,
669 460 740 509 nec
756 454 901 508 tantam
917 434 1100 531 praebent.
1113 436 1220 511 utili-

114 559 258 633 tatem,
300 534 346 613 itt
367 538 576 640 fingularis·
590 538 748 613 illorum
777 536 859 613 fieri
892 537 1024 611 debeat
1049 563 1220 617 conante·

123 660 300 719 morano.
1140 680 1150 687 -

601 816 638 903 t·
683 812 745 891 77.

224 978 304 1056 Alii
323 1004 437 1059 curas
455 974 542 1053 suas
562 976 613 1051 ad
628 952 977 1067 id'conmlernnt,
996 992 1044 1053 ut
1067 974 1224 1081 Verſso-

15 1076 48 1157 7'.
125 1080 195 1157 aes'
221 1085 287 1157 SS.
319 1083 563 1154 Litterarum
595 1080 662 1154 vel
699 1078 938 1179 colligerent
977 1104 1021 1153 ac
1057 1080 1222 1155 conser-

123 1182 292 1270 varent,
320 1182 388 1255 vel
412 1179 590 1281 ipsimet,
634 1166 760 1277 qiaunt
787 1182 879 1253 illae
907 1196 1021 1255 antea
1046 1206 1134 1253 uon
1161 1180 1224 1255 es-

39 1376 42 1381 .
124 1284 228 1372 sent,
254 1283 518 1357 elaborarent.
565 1289 696 1385 Quam
711 1283 767 1354 ita
783 1278 1066 1379 susceperunt,
1091 1308 1117 1355 o
1150 1308 1223 1357 era

86 1404 90 1411 ’
123 1382 334 1459 laudabilis
361 1398 464 1471 erat;
507 1385 611 1462 hauc
637 1398 771 1457 autem
796 1382 963 1456 obrem
991 1310 1224 1459 dolendum

124 1484 200 1579 est,
242 1485 387 1559 multas
417 1482 655 1585 huiusmodi
687 1484 1039 1581 interpretationes
1075 1484 1220 1559 interi·

50 1608 54 1615 ·
123 1582 204 1659 itte.
248 1590 308 1660 Ex
331 1589 366 1658 V
369 1582 592 1659 erfionibus
619 1584 727 1657 enirn
753 1583 982 1657 adiumenta
1006 1584 1222 1659 interdum

123 1685 227 1761 sumi
256 1682 365 1785 poffe
398 1683 449 1759 ad
487 1685 796 1787 explicationem
828 1688 865 1759 S.
900 1684 1220 1785 scripturarum,

126 1785 285 1861 constat.

223 1952 410 2023 Praeclare
435 1954 701 2025 Onrounus
727 1950 774 2023 de
790 1950 1002 2049 Theologia
1025 1953 1222 2050 exegetica

123 2051 280 2123 nieritus
296 2048 345 2123 est
354 2056 485 2148 Opere,
502 2078 579 2149 quo
600 2052 758 2129 diversas
774 2053 1105 2147 interpretationes
1126 2080 1221 2127 con-

122 2153 284 2251 iunctim
302 2154 472 2226 exhibuit
495 2173 608 2250 atque
630 2153 685 2226 ita
707 2181 774 2250 per
799 2156 996 2225 'columnas
1015 2154 1220 2251 disposuit,

122 2274 168 2327 ut
184 2280 315 2327 omnes
333 2280 413 2327 uno
439 2250 642 2351 conspectu
661 2257 780 2328 oculis
799 2256 834 2329 se
858 2254 1081 2326 subiicerent
1106 2272 1145 2327 et
1171 2282 1219 2329 eo

122 2355 270 2431 facilius
294 2358 393 2427 inter
409 2356 452 2428 se'
463 2358 733 2451 comparandae
750 2354 862 2428 ess'ent
887 2382 929 2427 ao
952 2382 1062 2431 verus
1090 2358 1221 2432 sensus

74 2486 78 2493 ·
121 2455 337 2555 investigari
353 2456 481 2553 poisat.
534 2460 641 2531 Varia
659 2458 880 2530 huiusmodi
896 2458 1094 2529 volumina
1111 2484 1221 2533 com·

123 2559 271 2656 posuit,
291 2584 483 2655 quumque
500 2561 627 2631 in'alia
646 2561 853 2656 pauciores,
872 2560 911 2629 in
929 2560 997 2629 alia
1015 2561 1144 2655 plnres
1161 2564 1221 2633 in-

122 2663 410 2755 terpretationes
427 2660 665 2749 transferret,
695 2682 777 2733 orta
794 2662 881 2731 sunt
897 2660 1037 2731 diversa
1055 2662 1219 2735 illorum

122 2762 281 2832 nomina
304 2764 505 2856 Tetrapla,
545 2766 746 2859 Hexapla,
788 2764 961 2858 Octapla.
1022 2767 1129 2835 Inter
1150 2765 1221 2837 itta

118 2863 308 2957 Tetrapla
331 2863 382 2935 ita
400 2863 578 2959 dispofita
599 2884 723 2949 erant,
744 2877 801 2934 'ut
818 2865 938 2959 prima
954 2865 1136 2935 columna
1155 2892 1220 2937 ex·

120 2964 264 3034 biberet
281 2961 483 3045 versionem
502 2968 683 3060 Aquilae,
709 2967 868 3037 secunda
886 2964 1122 3065 Syiitrnaciri.
1145 2986 1219 3039 ter-

120 3065 172 3135 tia
189 3068 439 3163 Septuaginta
457 3072 697 3162 interpretum
715 3086 752 3139 ot
770 3086 900 3161 quarta
917 3067 1080 3161 denique
1095 3066 1217 3141 Theo·

122 3168 291 3237 (lotionis.
350 3173 393 3237 In
426 3171 610 3263 Hexaplis
641 3171 710 3239 hae
735 3169 834 3265 ipsae
853 3167 1045 3239 versiones
1078 3170 1220 3241 oodetu

121 3268 253 3339 ordine
272 3287 376 3340 erant
394 3271 599 3341 collocatae
606 3298 617 3355 3
651 3270 771 3365 prima
795 3289 922 3339 autern
938 3270 1120 3341 columna
1139 3288 1221 3341 tex·

120 3388 205 3441 tunt
227 3368 437 3453 ebraicum,
467 3372 602 3443 litteris
636 3372 786 3443 ebraicis
818 3370 892 3443 stne
915 3371 1067 3465 punctis
1101 3396 1228 3445 roca*

118 3472 237 3555 libus,
274 3496 315 3542 ao
331 3471 490 3543 secunda
510 3474 688 3557 eumdem
708 3490 854 3542 textum
870 3472 1080 3557 ebraicum,
1115 3474 1220 3545 litte·

37 3608 40 3613 ·
117 3573 168 3643 ris
203 3574 341 3669 graecis
372 3574 616 3670 descriptum,
660 3576 981 3668 complecteretur.
1052 3574 1220 3645 Addidit

117 3670 244 3769 postea
262 3674 438 3771 Origenes
457 3677 627 3769 quintam
652 3693 688 3746 et
713 3676 852 3745 sextam
870 3672 1111 3757 Verfionern,
1144 3676 1220 3748 five

118 3775 325 3845 editionem
342 3778 668 3847 Hierichuntinanr
687 3795 723 3847 et
744 3776 1076 3871 Nicopolitanant,
1104 3780 1148 3847 in
1171 3780 1219 3849 iis

115 3876 241 3958 libris,
277 3901 441 3969 quornm
466 3881 533 3947 hae
561 3878 753 3949 Vorliones
779 3876 985 3959 exstabant,
1023 3896 1141 3973 atque
1167 3882 1218 3948 ita

121 3978 283 4068 Octapla
308 3976 348 4046 iu
373 3980 493 4049 lucent
517 3981 750 4073 prodierunt.
805 3976 1011 4049 Conliliutn
1039 3981 1218 4075 origenis

116 4078 156 4146 in
187 4076 427 4152 conficiendis
455 4082 638 4177 liexaplis
673 4108 755 4153 non
783 4078 974 4167 criticum,
1017 4080 1082 4153 sed
1114 4108 1219 4157 tuere
