2542 4724
315 405 332 417 ..
362 299 446 383 cr
474 321 511 375 ι».
544 303 610 375 m.
661 300 698 390 a.
726 300 816 403 na
872 317 873 320 Ν
927 240 931 245 ’
1055 286 1133 370 aaa

63 518 84 568 a
106 493 214 567 Remi
240 508 324 564 rone
345 478 608 587 peecatorem,
644 482 691 562 cle
718 486 851 563 Carnis
873 478 1134 592 resurreetione

63 615 76 667 t
101 595 147 667 de
166 598 210 667 V
207 599 263 667 ito
287 590 451 666 aeterna.
485 595 658 665 Alterum
677 589 880 691 Augustini
902 608 1133 666 monumen·

63 722 141 783 rm,
174 697 281 793 quod
305 695 582 792 huc-pertinet,
608 691 776 777 liber,·est
800 694 846 767 de
874 687 1056 793 symbolo
1079 685 1133 756 od

63 797 341 870 latechumenos.
394 803 661 869 Memorantur
676 794 742 867 sub
757 793 957 895 Augustini
974 787 1133 864 nomina

63 920 203 974 uatuor
222 900 436 986 Sermones,
463 899 528 993 qui
552 896 597 971 de
615 895 870 998 Symboload
893 891 1140 971 Gamelione,

64 1019 344 1101 os=exponunt3
369 1002 593 1097 neutiquam
616 1017 741 1071 autem
761 997 1049 1073 existimandum
1069 987 1134 1079 est,

64 1104 370 1195 mneassorationes
379 1103 704 1176 hasmonumenta
715 1099 782 1174 elle
790 1127 978 1199 germana,
996 1096 1059 1172 sad
1072 1093 1134 1168 ad·

63 1201 1134 1305 maratisgravesrationes,curtresposterioressermoner

65 1334 110 1382 ro
128 1307 346 1379 adulterinis
361 1306 505 1404 scriptis
522 1305 650 1377 haberi
666 1305 826 1379 debeant
843 1302 1133 1383 aestatuendum

63 1428 94 1496 rt,
119 1403 245 1481 solum
259 1409 469 1480 sermonem
485 1408 671 1502 primum,
696 1424 742 1479 ut
756 1432 889 1480 verum
903 1429 1134 1480 monumen·

63 1536 135 1597 um,
150 1506 351 1610 Augustini
366 1509 507 1581 librum
526 1510 572 1580 de
583 1507 764 1607 Symbola
783 1510 833 1580 od
845 1509 1136 1582 catechumenos

63 1610 263 1689 onfiituere
283 1630 395 1706 atque
415 1611 597 1684 exhibere.
618 1700 626 1719 Ι
651 1611 877 1683 Continetur
893 1611 962 1683 illo
981 1611 1133 1711 elegans

64 1714 213 1810 ymboli
231 1710 426 1809 apostolici
444 1710 645 1809 explicatio
663 1737 706 1785 ac
722 1713 842 1809 capita
862 1713 1055 1786 doctrinae
1071 1737 1133 1787 ea-

63 1843 130 1893 em
152 1815 407 1898 recensentur,
442 1839 537 1907 quae
561 1813 602 1885 in
625 1813 745 1901 libro,
773 1832 881 1886 antea
902 1810 1132 1904 memorato,

63 1946 92 1995 'a
112 1921 201 1993 Fide
228 1942 274 1988 ac
296 1915 479 2016 Symbola
510 1915 706 1988 habentur.
765 1917 926 1988 Addunt
951 1920 1134 1991 nonnulli

63 2024 195 2097 ertium
218 2021 467 2092 Aaausrrnr
501 2019 662 2104 librum,
707 2016 946 2090 Enclriridion
975 2021 1055 2092 eius
1080 2020 1135 2092 od

63 2125 304 2205 inurentium,
349 2120 475 2192 minus
507 2138 635 2193 autem
666 2138 765 2192 recte
803 2138 915 2213 atque
947 2138 1129 2195 accurate.

63 2225 314 2321 :amplectitur
330 2223 484 2320 quidem
499 2222 650 2296 libellus
665 2221 727 2293 hic
743 2218 926 2295 sumniam
939 2223 1135 2299 doetrinae
1208 2284 1224 2303 ,.

63 2323 274 2413 hristianae,
300 2348 383 2397 non
401 2340 527 2398 autem
543 2324 782 2418 Symbolum.
921 2319 928 2333 ’

141 2503 381 2579 Minatus,
410 2494 529 2590 Episc.
550 2492 809 2583 Taurinenlia,
835 2495 943 2572 eitius
961 2498 1135 2577 Humilia

63 2624 89 2697 e
113 2590 353 2699 Expofitione
369 2595 541 2695 Syrrrboli
564 2592 679 2668 exstat
698 2598 739 2668 in
759 2602 939 2675 Maximo
955 2600 1134 2681 Bibliotlz.

63 2708 200 2775 ’utrum
215 2700 391 2800 Lugdun.
409 2703 471 2784 VI,
492 2696 553 2772 42.
578 2698 737 2771 Brevior
753 2700 818 2773 illa
835 2697 896 2775 est.
923 2714 932 2727 ‘

140 2877 372 2954 Evaunum,
400 2869 466 2965 qni
486 2867 551 2940 sub
568 2858 719 2967 Eusebii
732 2859 920 2969 Miseni,
945 2851 1135 2952 Mansa

63 2974 164 3067 raeci
180 2970 390 3069 scriptoris,
409 2971 567 3042 nomine
585 2970 642 3043 bia
659 2970 735 3043 fuit
757 2973 900 3048 editus:
925 2978 990 3049 alii
1006 2997 1136 3055 autem

63 3076 176 3151 aelius
207 3076 319 3147 illurn
349 3072 582 3173 gallicanum
610 3064 841 3170 Episcopum
876 3080 1077 3172 appellant.
1094 3083 1133 3172 *)

63 3187 371 3251 :ommenroratur
393 3174 457 3246 ille
480 3176 569 3246 loco
594 3175 671 3246 hoc
695 3175 744 3246 ob
771 3175 862 3249 duaa
878 3181 1065 3253 Homilios
1088 3185 1136 3257 cle

63 3277 244 3377 ijtrnbolm
288 3280 329 3349 in
362 3276 542 3346 Maxima
570 3279 730 3348 Petrum
752 3276 929 3350 Biblioth.
957 3283 1133 3382 Lugdun.

63 3380 223 3469 1,628.,
252 3379 389 3476 quibus
417 3377 537 3472 capita
555 3376 727 3470 Symboli
754 3376 949 3475 apostolici
969 3383 1136 3460 breviter

63 3480 270 3557 lustrantur
277 3508 290 3567 ;
334 3479 467 3553 delirnt
499 3495 625 3551 autem
661 3482 850 3554 nonnulla
876 3478 1134 3586 posteriorque

67 3608 122 3659 on
143 3584 289 3683 integra
312 3583 361 3654 ad
383 3606 455 3653 nos
479 3581 663 3677 pervenit.

83 3810 89 3827 ,
138 3759 387 3827 Vananrms
405 3757 717 3839 Fonruntros,
743 3754 843 3828 inter
866 3755 973 3831 euius
997 3758 1132 3857 scripta

63 3856 326 3961 acumlhabent
341 3845 597 3953 Expofitiones
620 3852 744 3929 breves
764 3860 955 3933 Orationis
976 3863 1133 3934 durnin?-

68 4150 98 4218 ·)
115 4146 253 4209 ruam
271 4144 409 4204 aionon.
427 4162 526 4217 graec.
546 4146 614 4213 Vll,
631 4152 711 4210 412.
