2542 4724
407 244 656 378 cursus.
677 402 682 411 ,
704 274 737 393 §L
767 299 827 378 30.
903 326 911 347 ·
1094 308 1170 384 205

162 475 273 609 Ρῇτ.
301 496 534 565 Sumam
574 493 714 569 Tamus
735 480 942 588 fingularis
974 484 1173 592 irfigaium
1259 504 1262 509 '

41 602 293 678 ductorum,
330 608 410 664 tam
438 615 681 691 graecorum,
718 617 833 685 quara
865 592 1091 680 latinarum,
1125 623 1173 667 ex
1255 635 1261 646 ·

43 701 178 771 variis
196 694 437 767 Bibliothecis
461 684 651 790 accerfitus
675 707 712 762 et
737 696 772 762 in
796 693 913 765 lucem
930 697 1081 792 prodire
1102 692 1172 799 ius-

40 796 134 901 sus,
165 791 323 897 lugolst.
343 794 451 868 1616.
477 794 513 867 li.

163 904 322 997 Magna
337 894 569 967 Bibliotheca
586 910 675 968 vett.
695 899 856 970 Patrum
873 913 910 970 tt
921 905 1197 995 antiquorum*

50 994 302 1098 Scriptorum
327 989 536 1098 ecclefiafi„
564 999 692 1093 'primo
719 1001 866 1091 quidem
892 1029 916 1071 a
938 990 1171 1099 Margarita

52 1108 102 1176 de
133 1105 177 1173 la
200 1104 346 1199 Bigne,
382 1097 584 1169 Sorboaico
607 1101 644 1168 in
668 1101 790 1170 Aecul.
815 1096 932 1201 Paris.
963 1106 998 1172 T
997 1103 1171 1202 heologO,

53 1206 224 1277 collecta
250 1215 287 1272 et
313 1203 421 1271 tertio
451 1204 487 1270 in
515 1201 632 1277 lucem
657 1203 782 1280 edita;
823 1228 919 1273 nune
952 1228 1040 1275 vero
1074 1207 1172 1300 plus,
1251 1256 1255 1265 ·

55 1332 184 1404 quam
199 1316 348 1374 ceritum
364 1300 590 1372 Auctoribus
616 1316 653 1372 et
675 1296 866 1404 Opusoulis
888 1306 1055 1400 plurimis
1073 1306 1173 1376 locu-

54 1412 235 1507 pletata,
271 1395 441 1498 historica
464 1403 639 1474 methodo
663 1430 731 1499 per
745 1399 875 1504 secula
888 1397 1060 1505 fingula,
1089 1412 1191 1500 qui--

58 1511 127 1583 bus
139 1508 349 1602 Scriptores
371 1508 508 1600 ⁸quique
523 1505 715 1598 vixerunti,
744 1509 847 1604 dispo
863 1520 919 1577 ita
944 1522 980 1577 et
1007 1511 1044 1577 in
1071 1512 1177 1578 XIV

62 1616 211 1683 Tomos
230 1596 435 1703 distributa,
463 1630 522 1700 op.
542 1620 578 1675 et
584 1597 688 1702 stud.
707 1607 807 1679 docti
835 1633 996 1679 auorum
1012 1613 1049 1679 in
1066 1612 1173 1681 alraa

64 1715 214 1788 Univer
229 1721 323 1778 itate
349 1698 554 1804 Colonieust
574 1710 792 1805 Agrippina
822 1708 1102 1810 Theologorum
1126 1736 1173 1782 ac

59 1812 181 1913 Ptase
212 1835 331 1894 oruru,
350 1808 498 1880 Calon.
517 1810 674 1906 Agripp.
694 1810 802 1884 1618.
830 1810 898 1889 fol.
950 1812 1011 1882 Ad
1028 1812 1174 1885 Biblio-

61 1916 217 1993 thecam
233 1912 331 1982 hanc
357 1908 507 2009 udditus
534 1907 583 1982 est
605 1913 745 1983 Tamus
763 1917 910 2008 quintus
928 1939 969 1985 ac
988 1913 1174 2006 decimu
1239 1962 1249 1993 ,

61 2016 90 2089 f.
113 2012 342 2089 Auctarium
367 2028 405 2082 et
429 2004 761 2107 Supplementum,
794 2016 930 2087 Calon.
954 2014 1063 2087 1622.
1087 2014 1173 2102 fol,

63 2120 104 2189 in
129 2140 216 2212 quo
242 2112 513 2209 componendo
538 2113 712 2209 inprimis
736 2118 858 2190 Andr.
880 2115 1060 2188 ‘Schottus
1085 2143 1174 2214 ope.

63 2215 304 2315 ramposuit.
1070 2270 1073 2279 .

167 2347 239 2416 88.
260 2344 360 2428 ΡΡ.,
397 2330 590 2442 Gregorii,
614 2335 837 2442 Neoeaffar.
855 2337 999 2442 Epll⁶·⁹
1035 2370 1174 2444 cogna-

68 2462 208 2521 mazio.
226 2443 526 2544 Thaumaturgi,
561 2448 727 2514 Macarii
753 2447 941 2542 Aegyptii
972 2460 1008 2515 et
1033 2440 1173 2544 Bafilii,
1225 2486 1237 2499 ··

66 2550 256 2621 Seleuciae
272 2539 440 2647 Isauriae
454 2541 573 2647 Epist.
597 2549 723 2642 Opera
746 2550 885 2631 oraru'a,
912 2571 1008 2641 quae
1024 2552 1177 2642 reperiri

64 2662 283 2748 potueruut.
311 2653 423 2719 Nune
436 2653 599 2745 prirruaa
616 2672 681 2746 gr.v
692 2662 728 2718 et
744 2648 810 2717 lat.
829 2650 1172 2720 coaiuu'ctitueelita.

65 2741 235 2849 Aceeffit
249 2754 309 2821 Io.
327 2753 506 2821 Zonarae
525 2740 718 2848 Expofitio
746 2753 1011 2837 canonicarum
1026 2740 1174 2848 Episto·
1255 2798 1258 2802 ι

68 2854 216 2937 larura,
240 2855 323 2924 Par.
343 2848 452 2923 1623.
478 2850 547 2924 fol.
844 2846 855 2873 ⁸

157 2979 239 3067 66.
264 2980 344 3048 ΡΡ.
372 2981 505 3047 Leonis
518 2979 600 3062 M„
633 2981 744 3048 Rom.
765 2973 977 3079 Pontfieis,
1005 2978 1176 3049 Maximi

72 3082 251 3166 Tauria,
295 3082 398 3150 Petri
423 3078 497 3148 Chr
523 3073 665 3177 sologi,
710 3080 899 3177 Fulgentii
925 3072 1117 3181 Ruspeufis
1141 3093 1178 3150 et

70 3186 115 3252 V
111 3180 282 3253 aleriani-
304 3181 482 3252 Ceraelieu
499 3174 530 3249 is
555 3179 679 3275 Opera
711 3184 858 3265 arania,
904 3207 999 3277 quae
1027 3184 1178 3276 reperiri

68 3296 296 3378 potuerunt,
323 3288 404 3357 Par.
422 3281 532 3355 1623.
558 3280 651 3353 fol„

169 3407 1177 3505 Iso-MummiusHousuuSeptemtubaeadrefor·
1245 3448 1249 3453 ·

73 3498 777 3610 matiaueraecclefiaslicaedisciplinae,
805 3502 1177 3609 eol.Agripp.16‡t5.

70 3615 138 3681 Per
143 3603 296 3710 septem
312 3608 423 3680 tubas
438 3611 705 3708 intelligantur
721 3610 859 3707 septem
880 3618 1033 3683 Patrum
1045 3617 1176 3706 Opera.

172 3739 213 3806 8.
225 3734 268 3805 Ρ.
282 3738 334 3806 Ν.
352 3725 481 3833 Iustiui
500 3728 631 3836 Philas.
652 3750 688 3805 et
704 3735 826 3807 Mart.
848 3740 986 3833 Opera,
1005 3741 1045 3808 it.
1061 3737 1178 3808 Athe·

78 3862 247 3937 nagorae
267 3835 427 3922 Athea„
469 3836 663 3933 Theophili
687 3838 885 3922 Autioeh.,
931 3843 1086 3911 Tatiaai
1108 3831 1179 3937 As·

71 3932 161 4034 [prii
192 3953 230 4008 et
261 3942 442 4009 Hermiae
471 3934 605 4033 Philofi
645 3942 847 4010 Tractatus
876 3940 1038 4035 aliquot,
1085 3963 1181 4034 quaa

82 4043 201 4109 orauia
222 4065 284 4138 gr.
313 4054 350 4109 et
369 4040 434 4108 lat.
453 4041 707 4109 eruaulatiara
725 4042 929 4135 prodeunt,
969 4048 1048 4113 Par.
1069 4038 1178 4112 1636.

84 4162 121 4207 ac
138 4143 290 4228 Calon,
319 4140 344 4210 l.
363 4140 523 4237 Vitemb.
547 4140 652 4214 1666.
682 4140 749 4212 fol.
