2542 4724
364 302 444 371 Cu
471 319 507 368 ι’.
542 296 645 373 XIII.
698 294 732 388 §.
763 298 848 373 123.
1075 299 1151 377 669

57 475 123 582 est,
149 487 314 557 inanime
330 483 433 580 apud
454 485 736 571 Tertullianum,
753 478 991 583 Ambruſsum
1004 501 1043 560 et
1057 486 1152 560 Hie·
1176 524 1179 529 ·
1215 500 1219 511 '

56 613 280 688 ronyrnnm,
307 589 506 681 quiquam
530 578 765 685 ingeniofint
783 582 934 686 feruido
961 614 1007 661 oc
1029 591 1152 662 conci·
1229 602 1234 617 ‘

58 704 162 775 tato,
190 714 304 783 quam
323 690 359 757 in
375 701 524 781 partem
540 688 789 783 propendent,
818 712 860 761 eo
883 704 991 761 tanto
1009 692 1151 787 impetu
1221 676 1230 689 ⁵

50 790 249 891 seruntur,
277 802 319 858 ut
343 812 434 882 quos
456 788 603 883 quidem
623 789 800 875 laudant,
827 815 888 862 eos
909 794 1005 862 inter
1017 796 1151 890 Ange-

57 893 132 977 los,
161 913 253 986 quos
276 914 363 961 vero
384 892 617 985 vituperant,
642 895 735 960 inter
756 889 942 962 Diabolus
965 894 1151 964 collocare

55 995 266 1081 videantur.
319 997 404 1074 Itu,
431 1016 526 1085 quae
551 992 731 1061 credenda
755 1007 912 1087 putant,
939 1018 1014 1064 non
1039 994 1150 1065 aliter

57 1095 341 1177 eornrnendant,
376 1117 490 1186 quam
511 1082 543 1191 fi
566 1093 721 1162 totidem
751 1086 860 1193 efferet
884 1087 1150 1191 Christianismi

40 1238 43 1247 ·
56 1196 330 1295 fundamenta,
358 1218 454 1287 quoe
477 1194 641 1262 reiiciunt
664 1218 709 1263 ac
732 1191 923 1290 refutant,
951 1220 1025 1266 non
1041 1198 1151 1265 aliter

58 1298 286 1394 explodunt,
315 1321 429 1389 quam
449 1284 635 1389 fioletum
650 1294 884 1365 Atheismum
897 1289 1098 1395 spirarent.
1112 1292 1152 1385 *)

160 1401 409 1471 Aususrtnt
426 1395 578 1488 scripta,
606 1396 671 1490 qui
688 1396 728 1466 in
745 1396 915 1467 doctrina
936 1399 1072 1468 morali
1087 1421 1151 1470 ex·
1204 1450 1209 1459 -

56 1500 245 1599 plananda
262 1523 303 1569 ac
317 1498 487 1568 moribus
507 1497 708 1585 hominum
724 1515 823 1568 recte
839 1486 1050 1569 fbrmsndis
1066 1500 1149 1570 lau·

59 1602 221 1674 debilem
248 1623 400 1693 operam
427 1597 574 1693 posuit,
600 1623 681 1668 non
698 1598 822 1669 solum
842 1599 967 1669 oblata
987 1596 1148 1671 occasio-

56 1729 125 1789 ne,
152 1703 192 1773 in
210 1701 389 1772 Homiliis
413 1724 453 1769 ac
470 1700 677 1793 scripturae
699 1705 733 1770 S.
750 1700 1146 1795 interpretationibus,

56 1804 121 1878 sed
146 1800 259 1875 etiam
283 1801 322 1869 in
344 1801 449 1872 libris
471 1824 513 1870 ac
536 1801 943 1886 commentationibus,
970 1798 1149 1900 singulari

56 1903 181 1979 fludio
215 1901 443 1996 conscriptis.
513 1906 660 1996 Spectat
690 1903 783 1972 huc:
824 1901 1063 1974 Enclriridion
1095 1901 1149 1972 ad

57 2007 303 2077 Laurentium
327 2004 373 2073 de
389 2002 495 2087 Fide,
523 2007 599 2099 Spe
623 2016 659 2073 et
674 2005 862 2088 Caritate,
890 2004 956 2073 ubi
980 2028 1063 2075 non
1089 2004 1149 2074 so·

54 2109 140 2181 lum
159 2106 336 2203 dogmata
352 2104 440 2177 fidei
455 2102 672 2187 traduntur,
701 2103 761 2175 sed
780 2104 903 2188 etiam,
927 2105 972 2176 de
987 2105 1148 2200 iis,quao

58 2205 242 2281 advitam
267 2208 466 2301 pertinent,
494 2204 728 2277 sed'brevius
747 2204 939 2276 disleritur.
993 2204 1151 2277 Exstant

58 2334 215 2407 quoque
239 2308 406 2378 eiusdem
422 2308 527 2378 Libri
552 2306 597 2378 de
611 2308 701 2377 Fide
724 2321 760 2378 et
778 2305 975 2402 Operibus,
1001 2307 1042 2378 in
1066 2306 1151 2402 qui·

56 2412 130 2485 bus
155 2410 318 2482 maxime
340 2409 568 2493 inculcatur,
594 2408 708 2481 fidem
735 2408 910 2504 operibus
930 2434 1049 2481 carere
1065 2431 1150 2481 non

57 2510 160 2613 posse
167 2539 180 2596 3
200 2512 390 2604 deAgone
407 2500 615 2605 christiano,
633 2534 709 2606 quo
727 2510 901 2580 hortatur
916 2511 962 2580 ad
978 2533 1149 2609 pugnam

59 2630 193 2691 contra
216 2613 425 2683 Diabolum
449 2636 491 2682 ac
512 2636 644 2706 pravas
668 2612 909 2705 cupiditates,
938 2611 984 2682 ad
1010 2634 1149 2705 corpus

58 2713 230 2791 servituti
254 2708 544 2796 subiicien'dum,
571 2713 618 2784 ad
633 2709 815 2783 Christum
834 2713 908 2784 side
924 2715 1151 2808 amplecten-

59 2820 166 2901 dum,
186 2816 343 2911 vultque
361 2811 483 2899 simul,
509 2832 552 2884 ut
568 2813 731 2885 haereses
749 2814 973 2886 devitentur.
1001 2810 1152 2908 Scripsit

56 2935 246 3018 praeterea
263 2912 493 3013 Augustinus
511 2916 556 2987 de
574 2919 836 2994 continentior
861 2916 906 2987 de
924 2918 1044 3013 Opere
1060 2916 1151 2985 Mo-

58 3018 283 3103 nachornm,
310 3042 387 3111 quo
406 3017 503 3088 libro
521 3015 677 3088 caussam
698 3017 775 3115 agit
793 3041 926 3088 eorum
936 3018 1151 3089 Monachu-

56 3147 163 3204 rum,
189 3120 255 3215 qui
276 3118 449 3190 manibus
477 3118 551 3190 suis
578 3143 620 3189 ae
643 3119 806 3213 propriis
833 3118 1020 3190 alimentis
1037 3119 1073 3189 se
1093 3120 1152 3189 su·

57 3220 268 3297 stentabant
283 3238 413 3292 contra
432 3220 538 3305 illos,
566 3221 631 3315 qui
648 3220 810 3290 aliorum
825 3237 976 3291 tantum
989 3220 1152 3291 liberali-

55 3342 135 3398 tate
148 3320 353 3405 alebantur,
370 3323 513 3415 hosque
529 3321 700 3419 ignaviae
716 3339 827 3417 atque
844 3322 1077 3420 arrogantiae
1090 3322 1152 3393 in·

55 3424 218 3499 simtdat.
271 3429 315 3494 In
338 3424 413 3495 sine
433 3422 597 3495 Crinitos
615 3423 830 3495 Monachus
855 3423 1092 3517 reprehendit
1108 3444 1153 3495 ao

56 3528 173 3624 petit,
206 3550 256 3596 ne
281 3542 412 3595 contra
434 3544 676 3620 praeceptum
704 3520 952 3619 apostolicum
974 3529 1015 3595 in
1041 3546 1152 3595 coma

53 3626 258 3702 nutrienda
275 3643 444 3723 pergant.
497 3626 649 3697 Generis
673 3626 786 3697 huius
810 3625 880 3695 alia
900 3644 1151 3696 monuments

55 3729 215 3826 adiungi
242 3726 397 3798 debent:
438 3727 520 3799 Lib.
549 3728 594 3799 de
614 3730 826 3804 patienta,-
865 3727 960 3797 alius
985 3728 1029 3796 de
1054 3727 1152 3795 utili·

53 3844 137 3902 tate
158 3832 315 3908 Ieiuniis
348 3828 457 3900 Libb.
476 3833 511 3899 11
536 3828 581 3901 de
605 3827 767 3900 moribus
786 3820 968 3925 Ecclefiae
995 3822 1151 3899 catholi-

50 4000 266 4015 m

89 4090 116 4156 ·)
141 4082 293 4163 Selenen«
317 4086 338 4141 l.
357 4105 382 4141 c.
407 4104 435 4159 p.
453 4091 497 4143 78.
533 4086 578 4143 cs.
601 4082 959 4144 Beneuentum-Onustus
984 4082 1093 4143 Lehrb.
1119 4088 1151 4149 d.
1202 4106 1209 4120 ¹

122 4152 232 4221 thrtlts.
249 4152 488 4227 Dogmengrscst.
505 4173 535 4230 p.
552 4160 613 4215 stt.
