<?xml version="1.0" encoding="UTF-8"?>
<!DOCTYPE html PUBLIC "-//W3C//DTD XHTML 1.0 Transitional//EN"
    "http://www.w3.org/TR/xhtml1/DTD/xhtml1-transitional.dtd">
<html xmlns="http://www.w3.org/1999/xhtml" xml:lang="en" lang="en">
 <head>
  <title>
</title>
<meta http-equiv="Content-Type" content="text/html;charset=utf-8" />
  <meta name='ocr-system' content='tesseract 3.04.00' />
  <meta name='ocr-capabilities' content='ocr_page ocr_carea ocr_par ocr_line ocrx_word'/>
</head>
<body>
  <div class='ocr_page' id='page_1' title='image "./iogeorgiiwalchi05walcgoog/iogeorgiiwalchi05walcgoog_0512.png"; bbox 0 0 2542 4724; ppageno 0'>
   <div class='ocr_carea' id='block_1_1' title="bbox 134 242 896 349">
    <p class='ocr_par' dir='ltr' id='par_1_1' title="bbox 134 242 896 349">
     <span class='ocr_line' id='line_1_1' title="bbox 134 242 896 349; baseline -0.009 -24"><span class='ocrx_word' id='word_1_1' title='bbox 134 244 213 349; x_wconf 68' lang='lat' dir='ltr'><strong>aaa</strong></span> <span class='ocrx_word' id='word_1_2' title='bbox 474 250 553 321; x_wconf 72' lang='grc' dir='ltr'><strong>ο.</strong></span> <span class='ocrx_word' id='word_1_3' title='bbox 580 271 617 333; x_wconf 71' lang='lat' dir='ltr'><strong>r·</strong></span> <span class='ocrx_word' id='word_1_4' title='bbox 652 245 808 333; x_wconf 73' lang='lat' dir='ltr'><strong>1st-</strong></span> <span class='ocrx_word' id='word_1_5' title='bbox 834 242 896 325; x_wconf 80' lang='lat' dir='ltr'><strong>aa.</strong></span> 
     </span>
    </p>
   </div>
   <div class='ocr_carea' id='block_1_2' title="bbox 75 428 1231 2349">
    <p class='ocr_par' dir='ltr' id='par_1_2' title="bbox 75 428 1231 2349">
     <span class='ocr_line' id='line_1_2' title="bbox 133 428 1230 535; baseline 0.001 -25"><span class='ocrx_word' id='word_1_6' title='bbox 133 436 412 532; x_wconf 84' lang='lat' dir='ltr'><strong>Scripturartrm</strong></span> <span class='ocrx_word' id='word_1_7' title='bbox 435 428 668 517; x_wconf 86' lang='lat' dir='ltr'><strong>doctrinam,</strong></span> <span class='ocrx_word' id='word_1_8' title='bbox 698 458 785 506; x_wconf 89' lang='lat' dir='ltr'><strong>cum</strong></span> <span class='ocrx_word' id='word_1_9' title='bbox 809 429 978 507; x_wconf 92' lang='lat' dir='ltr'><strong>humano</strong></span> <span class='ocrx_word' id='word_1_10' title='bbox 1006 457 1142 535; x_wconf 82' lang='lat' dir='ltr'>genere</span> <span class='ocrx_word' id='word_1_11' title='bbox 1156 462 1230 534; x_wconf 87' lang='lat' dir='ltr'><strong>pu·</strong></span> 
     </span>
     <span class='ocr_line' id='line_1_3' title="bbox 120 534 1231 639; baseline 0.003 -31"><span class='ocrx_word' id='word_1_12' title='bbox 120 550 270 639; x_wconf 66' lang='lat' dir='ltr'><strong>‘gnent3</strong></span> <span class='ocrx_word' id='word_1_13' title='bbox 297 534 508 623; x_wconf 70' lang='lat' dir='ltr'><strong>ademunde,</strong></span> <span class='ocrx_word' id='word_1_14' title='bbox 531 560 619 604; x_wconf 86' lang='lat' dir='ltr'><strong>eum</strong></span> <span class='ocrx_word' id='word_1_15' title='bbox 635 534 770 605; x_wconf 89' lang='lat' dir='ltr'><strong>habere</strong></span> <span class='ocrx_word' id='word_1_16' title='bbox 786 553 913 606; x_wconf 90' lang='lat' dir='ltr'><strong>ortum</strong></span> <span class='ocrx_word' id='word_1_17' title='bbox 933 555 970 607; x_wconf 87' lang='lat' dir='ltr'><strong>et</strong></span> <span class='ocrx_word' id='word_1_18' title='bbox 987 539 1231 634; x_wconf 85' lang='lat' dir='ltr'><strong>corruptioni</strong></span> 
     </span>
     <span class='ocr_line' id='line_1_4' title="bbox 90 633 1231 730; baseline 0.009 -27"><span class='ocrx_word' id='word_1_19' title='bbox 90 699 92 703; x_wconf 87' lang='lat'><strong>.</strong></span> <span class='ocrx_word' id='word_1_20' title='bbox 135 638 347 715; x_wconf 80' lang='lat' dir='ltr'><strong>obnoxium</strong></span> <span class='ocrx_word' id='word_1_21' title='bbox 369 633 453 718; x_wconf 85' lang='lat' dir='ltr'><strong>esse,</strong></span> <span class='ocrx_word' id='word_1_22' title='bbox 479 650 524 705; x_wconf 91' lang='lat' dir='ltr'><strong>ut</strong></span> <span class='ocrx_word' id='word_1_23' title='bbox 548 635 614 729; x_wconf 91' lang='lat' dir='ltr'><strong>qui</strong></span> <span class='ocrx_word' id='word_1_24' title='bbox 632 660 650 705; x_wconf 90' lang='lat' dir='ltr'><strong>a</strong></span> <span class='ocrx_word' id='word_1_25' title='bbox 671 648 841 730; x_wconf 80' lang='lat' dir='ltr'><strong>tempore</strong></span> <span class='ocrx_word' id='word_1_26' title='bbox 857 636 1013 709; x_wconf 90' lang='lat' dir='ltr'><strong>initium</strong></span> <span class='ocrx_word' id='word_1_27' title='bbox 1036 637 1231 713; x_wconf 77' lang='lat' dir='ltr'><strong>sumseritt</strong></span> 
     </span>
     <span class='ocr_line' id='line_1_5' title="bbox 133 734 1230 837; baseline 0.003 -28"><span class='ocrx_word' id='word_1_28' title='bbox 133 753 270 837; x_wconf 84' lang='lat' dir='ltr'><strong>quarto</strong></span> <span class='ocrx_word' id='word_1_29' title='bbox 289 737 449 831; x_wconf 89' lang='lat' dir='ltr'><strong>denique</strong></span> <span class='ocrx_word' id='word_1_30' title='bbox 464 734 509 806; x_wconf 92' lang='lat' dir='ltr'><strong>de</strong></span> <span class='ocrx_word' id='word_1_31' title='bbox 526 734 601 806; x_wconf 84' lang='lat' dir='ltr'><strong>stne</strong></span> <span class='ocrx_word' id='word_1_32' title='bbox 616 737 752 807; x_wconf 91' lang='lat' dir='ltr'><strong>ultimo</strong></span> <span class='ocrx_word' id='word_1_33' title='bbox 760 763 772 820; x_wconf 83' lang='lat'>3</span> <span class='ocrx_word' id='word_1_34' title='bbox 802 736 846 807; x_wconf 90' lang='lat' dir='ltr'><strong>de</strong></span> <span class='ocrx_word' id='word_1_35' title='bbox 855 737 1051 809; x_wconf 90' lang='lat' dir='ltr'><strong>divinitate</strong></span> <span class='ocrx_word' id='word_1_36' title='bbox 1062 744 1230 836; x_wconf 85' lang='lat' dir='ltr'><strong>Scriptu-</strong></span> 
     </span>
     <span class='ocr_line' id='line_1_6' title="bbox 75 837 1229 934; baseline 0.006 -29"><span class='ocrx_word' id='word_1_37' title='bbox 75 894 78 905; x_wconf 94' lang='lat'><strong>.</strong></span> <span class='ocrx_word' id='word_1_38' title='bbox 127 866 260 925; x_wconf 47' lang='lat' dir='ltr'><strong>‚rarum</strong></span> <span class='ocrx_word' id='word_1_39' title='bbox 283 839 401 931; x_wconf 86' lang='lat' dir='ltr'>deque</span> <span class='ocrx_word' id='word_1_40' title='bbox 423 839 589 921; x_wconf 89' lang='lat' dir='ltr'><strong>ratione,</strong></span> <span class='ocrx_word' id='word_1_41' title='bbox 618 837 766 908; x_wconf 84' lang='lat' dir='ltr'><strong>easdem</strong></span> <span class='ocrx_word' id='word_1_42' title='bbox 787 838 938 933; x_wconf 87' lang='lat' dir='ltr'><strong>legendi</strong></span> <span class='ocrx_word' id='word_1_43' title='bbox 955 858 1067 934; x_wconf 87' lang='lat' dir='ltr'><strong>atque</strong></span> <span class='ocrx_word' id='word_1_44' title='bbox 1083 841 1229 913; x_wconf 89' lang='lat' dir='ltr'><strong>intelli·</strong></span> 
     </span>
     <span class='ocr_line' id='line_1_7' title="bbox 132 935 1228 1041; baseline 0.001 -28"><span class='ocrx_word' id='word_1_45' title='bbox 132 942 257 1041; x_wconf 81' lang='lat' dir='ltr'><strong>gandi.</strong></span> <span class='ocrx_word' id='word_1_46' title='bbox 312 944 452 1017; x_wconf 82' lang='lat' dir='ltr'><strong>Cuncta</strong></span> <span class='ocrx_word' id='word_1_47' title='bbox 467 937 557 1007; x_wconf 91' lang='lat' dir='ltr'><strong>haec</strong></span> <span class='ocrx_word' id='word_1_48' title='bbox 573 935 601 1007; x_wconf 87' lang='lat' dir='ltr'><strong>si</strong></span> <span class='ocrx_word' id='word_1_49' title='bbox 625 938 708 1031; x_wconf 90' lang='lat' dir='ltr'><strong>quis</strong></span> <span class='ocrx_word' id='word_1_50' title='bbox 728 957 896 1009; x_wconf 88' lang='lat' dir='ltr'><strong>accurate</strong></span> <span class='ocrx_word' id='word_1_51' title='bbox 916 940 1148 1013; x_wconf 83' lang='lat' dir='ltr'><strong>considerare</strong></span> <span class='ocrx_word' id='word_1_52' title='bbox 1163 966 1228 1014; x_wconf 83' lang='lat' dir='ltr'><strong>ve-</strong></span> 
     </span>
     <span class='ocr_line' id='line_1_8' title="bbox 132 1038 1227 1139; baseline 0 -24"><span class='ocrx_word' id='word_1_53' title='bbox 132 1045 198 1127; x_wconf 89' lang='lat' dir='ltr'><strong>lit,</strong></span> <span class='ocrx_word' id='word_1_54' title='bbox 225 1038 334 1112; x_wconf 86' lang='lat' dir='ltr'><strong>facile</strong></span> <span class='ocrx_word' id='word_1_55' title='bbox 357 1038 517 1121; x_wconf 83' lang='lat' dir='ltr'><strong>videbit,</strong></span> <span class='ocrx_word' id='word_1_56' title='bbox 544 1038 744 1137; x_wconf 80' lang='lat' dir='ltr'><strong>Origenem</strong></span> <span class='ocrx_word' id='word_1_57' title='bbox 765 1038 804 1107; x_wconf 90' lang='lat' dir='ltr'><strong>in</strong></span> <span class='ocrx_word' id='word_1_58' title='bbox 823 1042 1041 1125; x_wconf 82' lang='lat' dir='ltr'><strong>memoratis</strong></span> <span class='ocrx_word' id='word_1_59' title='bbox 1067 1040 1227 1139; x_wconf 84' lang='lat' dir='ltr'><strong>dogma·</strong></span> 
     </span>
     <span class='ocr_line' id='line_1_9' title="bbox 133 1137 1228 1238; baseline 0.002 -23"><span class='ocrx_word' id='word_1_60' title='bbox 133 1144 236 1215; x_wconf 85' lang='lat' dir='ltr'><strong>tibus</strong></span> <span class='ocrx_word' id='word_1_61' title='bbox 255 1138 443 1212; x_wconf 80' lang='lat' dir='ltr'><strong>tradendis</strong></span> <span class='ocrx_word' id='word_1_62' title='bbox 458 1163 538 1208; x_wconf 90' lang='lat' dir='ltr'><strong>non</strong></span> <span class='ocrx_word' id='word_1_63' title='bbox 555 1140 668 1210; x_wconf 86' lang='lat' dir='ltr'><strong>talem</strong></span> <span class='ocrx_word' id='word_1_64' title='bbox 687 1137 836 1209; x_wconf 85' lang='lat' dir='ltr'><strong>servasse</strong></span> <span class='ocrx_word' id='word_1_65' title='bbox 853 1140 1044 1225; x_wconf 87' lang='lat' dir='ltr'>ordinem,</span> <span class='ocrx_word' id='word_1_66' title='bbox 1071 1144 1228 1238; x_wconf 89' lang='lat' dir='ltr'><strong>qualem</strong></span> 
     </span>
     <span class='ocr_line' id='line_1_10' title="bbox 134 1235 1227 1338; baseline 0 -21"><span class='ocrx_word' id='word_1_67' title='bbox 134 1241 406 1338; x_wconf 81' lang='lat' dir='ltr'><strong>compendium</strong></span> <span class='ocrx_word' id='word_1_68' title='bbox 443 1238 470 1310; x_wconf 92' lang='lat' dir='ltr'><strong>s.</strong></span> <span class='ocrx_word' id='word_1_69' title='bbox 502 1235 656 1330; x_wconf 82' lang='lat' dir='ltr'>systema</span> <span class='ocrx_word' id='word_1_70' title='bbox 697 1240 889 1312; x_wconf 85' lang='lat' dir='ltr'><strong>doctrinae</strong></span> <span class='ocrx_word' id='word_1_71' title='bbox 919 1238 1136 1315; x_wconf 83' lang='lat' dir='ltr'><strong>christianae</strong></span> <span class='ocrx_word' id='word_1_72' title='bbox 1167 1271 1227 1317; x_wconf 87' lang='lat' dir='ltr'><strong>re-</strong></span> 
     </span>
     <span class='ocr_line' id='line_1_11' title="bbox 134 1340 1227 1443; baseline 0 -27"><span class='ocrx_word' id='word_1_73' title='bbox 134 1345 251 1443; x_wconf 87' lang='lat' dir='ltr'>quirit</span> <span class='ocrx_word' id='word_1_74' title='bbox 273 1360 533 1437; x_wconf 88' lang='lat' dir='ltr'><strong>praetereaque</strong></span> <span class='ocrx_word' id='word_1_75' title='bbox 560 1340 738 1412; x_wconf 90' lang='lat' dir='ltr'><strong>derebus</strong></span> <span class='ocrx_word' id='word_1_76' title='bbox 764 1340 899 1413; x_wconf 85' lang='lat' dir='ltr'><strong>divinis</strong></span> <span class='ocrx_word' id='word_1_77' title='bbox 919 1342 971 1414; x_wconf 89' lang='lat' dir='ltr'><strong>ita</strong></span> <span class='ocrx_word' id='word_1_78' title='bbox 992 1365 1227 1416; x_wconf 90' lang='lat' dir='ltr'><strong>commenta·</strong></span> 
     </span>
     <span class='ocr_line' id='line_1_12' title="bbox 131 1441 1226 1539; baseline 0 -20"><span class='ocrx_word' id='word_1_79' title='bbox 131 1464 218 1519; x_wconf 83' lang='lat' dir='ltr'><strong>tum</strong></span> <span class='ocrx_word' id='word_1_80' title='bbox 245 1441 331 1529; x_wconf 82' lang='lat' dir='ltr'><strong>effe,</strong></span> <span class='ocrx_word' id='word_1_81' title='bbox 358 1461 402 1512; x_wconf 92' lang='lat' dir='ltr'><strong>ut</strong></span> <span class='ocrx_word' id='word_1_82' title='bbox 424 1442 543 1537; x_wconf 81' lang='lat' dir='ltr'><strong>magis</strong></span> <span class='ocrx_word' id='word_1_83' title='bbox 567 1442 852 1536; x_wconf 81' lang='lat' dir='ltr'>Philosophiae,</span> <span class='ocrx_word' id='word_1_84' title='bbox 881 1468 994 1537; x_wconf 91' lang='lat' dir='ltr'><strong>quam</strong></span> <span class='ocrx_word' id='word_1_85' title='bbox 1010 1445 1226 1539; x_wconf 85' lang='lat' dir='ltr'><strong>Scripturac</strong></span> 
     </span>
     <span class='ocr_line' id='line_1_13' title="bbox 132 1541 1225 1636; baseline -0.001 -16"><span class='ocrx_word' id='word_1_86' title='bbox 132 1552 169 1621; x_wconf 88' lang='lat' dir='ltr'><strong>S.</strong></span> <span class='ocrx_word' id='word_1_87' title='bbox 185 1566 361 1618; x_wconf 86' lang='lat' dir='ltr'><strong>normam</strong></span> <span class='ocrx_word' id='word_1_88' title='bbox 384 1541 605 1636; x_wconf 82' lang='lat' dir='ltr'><strong>sequeretur.</strong></span> <span class='ocrx_word' id='word_1_89' title='bbox 659 1543 842 1615; x_wconf 85' lang='lat' dir='ltr'><strong>Tacemus</strong></span> <span class='ocrx_word' id='word_1_90' title='bbox 867 1543 913 1614; x_wconf 86' lang='lat' dir='ltr'><strong>de</strong></span> <span class='ocrx_word' id='word_1_91' title='bbox 930 1545 1118 1619; x_wconf 89' lang='lat' dir='ltr'><strong>erroribus</strong></span> <span class='ocrx_word' id='word_1_92' title='bbox 1139 1572 1225 1619; x_wconf 90' lang='lat' dir='ltr'><strong>non</strong></span> 
     </span>
     <span class='ocr_line' id='line_1_14' title="bbox 130 1643 1225 1736; baseline -0.002 -14"><span class='ocrx_word' id='word_1_93' title='bbox 130 1646 285 1723; x_wconf 85' lang='lat' dir='ltr'><strong>levioris</strong></span> <span class='ocrx_word' id='word_1_94' title='bbox 309 1643 517 1728; x_wconf 85' lang='lat' dir='ltr'><strong>momenti,</strong></span> <span class='ocrx_word' id='word_1_95' title='bbox 555 1667 652 1736; x_wconf 88' lang='lat' dir='ltr'><strong>quos</strong></span> <span class='ocrx_word' id='word_1_96' title='bbox 681 1644 723 1713; x_wconf 91' lang='lat' dir='ltr'><strong>in</strong></span> <span class='ocrx_word' id='word_1_97' title='bbox 760 1643 864 1714; x_wconf 91' lang='lat' dir='ltr'><strong>libris</strong></span> <span class='ocrx_word' id='word_1_98' title='bbox 894 1644 953 1716; x_wconf 89' lang='lat' dir='ltr'><strong>his</strong></span> <span class='ocrx_word' id='word_1_99' title='bbox 976 1644 1108 1730; x_wconf 88' lang='lat' dir='ltr'><strong>inesse,</strong></span> <span class='ocrx_word' id='word_1_100' title='bbox 1143 1648 1225 1721; x_wconf 90' lang='lat' dir='ltr'><strong>iam</strong></span> 
     </span>
     <span class='ocr_line' id='line_1_15' title="bbox 129 1737 1227 1841; baseline -0.003 -19"><span class='ocrx_word' id='word_1_101' title='bbox 129 1754 321 1823; x_wconf 75' lang='lat' dir='ltr'><strong>Pronus</strong></span> <span class='ocrx_word' id='word_1_102' title='bbox 337 1745 485 1815; x_wconf 89' lang='lat' dir='ltr'><strong>notavit</strong></span> <span class='ocrx_word' id='word_1_103' title='bbox 502 1768 694 1839; x_wconf 88' lang='lat' dir='ltr'><strong>quumque</strong></span> <span class='ocrx_word' id='word_1_104' title='bbox 710 1737 841 1816; x_wconf 87' lang='lat' dir='ltr'><strong>Rufini</strong></span> <span class='ocrx_word' id='word_1_105' title='bbox 856 1745 1115 1841; x_wconf 81' lang='lat' dir='ltr'><strong>interpretatio</strong></span> <span class='ocrx_word' id='word_1_106' title='bbox 1133 1744 1227 1819; x_wconf 89' lang='lat' dir='ltr'><strong>isto·</strong></span> 
     </span>
     <span class='ocr_line' id='line_1_16' title="bbox 129 1842 1224 1940; baseline -0.003 -16"><span class='ocrx_word' id='word_1_107' title='bbox 129 1874 218 1924; x_wconf 86' lang='lat' dir='ltr'><strong>rum</strong></span> <span class='ocrx_word' id='word_1_108' title='bbox 234 1870 314 1919; x_wconf 91' lang='lat' dir='ltr'><strong>non</strong></span> <span class='ocrx_word' id='word_1_109' title='bbox 331 1845 453 1917; x_wconf 89' lang='lat' dir='ltr'><strong>debita</strong></span> <span class='ocrx_word' id='word_1_110' title='bbox 475 1845 712 1917; x_wconf 79' lang='lat' dir='ltr'><strong>accuratione</strong></span> <span class='ocrx_word' id='word_1_111' title='bbox 729 1842 935 1940; x_wconf 76' lang='lat' dir='ltr'><strong>composita</strong></span> <span class='ocrx_word' id='word_1_112' title='bbox 950 1843 1018 1932; x_wconf 90' lang='lat' dir='ltr'><strong>est,</strong></span> <span class='ocrx_word' id='word_1_113' title='bbox 1043 1872 1114 1920; x_wconf 91' lang='lat' dir='ltr'><strong>nec</strong></span> <span class='ocrx_word' id='word_1_114' title='bbox 1128 1848 1224 1921; x_wconf 88' lang='lat' dir='ltr'><strong>certi</strong></span> 
     </span>
     <span class='ocr_line' id='line_1_17' title="bbox 113 1938 1222 2049; baseline 0 -28"><span class='ocrx_word' id='word_1_115' title='bbox 113 1938 225 2049; x_wconf 60' lang='lat' dir='ltr'><strong>‚quid</strong></span> <span class='ocrx_word' id='word_1_116' title='bbox 250 1948 295 2019; x_wconf 90' lang='lat' dir='ltr'><strong>de</strong></span> <span class='ocrx_word' id='word_1_117' title='bbox 313 1944 484 2044; x_wconf 86' lang='lat' dir='ltr'><strong>Origenis</strong></span> <span class='ocrx_word' id='word_1_118' title='bbox 508 1945 769 2043; x_wconf 82' lang='lat' dir='ltr'><strong>dogmatibus,</strong></span> <span class='ocrx_word' id='word_1_119' title='bbox 794 1947 849 2018; x_wconf 94' lang='lat' dir='ltr'><strong>ibi</strong></span> <span class='ocrx_word' id='word_1_120' title='bbox 866 1947 1105 2034; x_wconf 86' lang='lat' dir='ltr'><strong>memoratis,</strong></span> <span class='ocrx_word' id='word_1_121' title='bbox 1127 1973 1222 2045; x_wconf 91' lang='lat' dir='ltr'><strong>pro·</strong></span> 
     </span>
     <span class='ocr_line' id='line_1_18' title="bbox 129 2046 1220 2126; baseline -0.003 0"><span class='ocrx_word' id='word_1_122' title='bbox 129 2050 310 2126; x_wconf 89' lang='lat' dir='ltr'><strong>nunciare</strong></span> <span class='ocrx_word' id='word_1_123' title='bbox 338 2048 437 2120; x_wconf 88' lang='lat' dir='ltr'><strong>licet.</strong></span> <span class='ocrx_word' id='word_1_124' title='bbox 495 2046 721 2120; x_wconf 77' lang='lat' dir='ltr'><strong>videantur:</strong></span> <span class='ocrx_word' id='word_1_125' title='bbox 755 2052 853 2118; x_wconf 78' lang='lat' dir='ltr'><strong>Par.</strong></span> <span class='ocrx_word' id='word_1_126' title='bbox 890 2072 991 2119; x_wconf 81' lang='lat' dir='ltr'><strong>nau.</strong></span> <span class='ocrx_word' id='word_1_127' title='bbox 1021 2055 1220 2123; x_wconf 73' lang='lat' dir='ltr'><strong>Hormus</strong></span> 
     </span>
     <span class='ocr_line' id='line_1_19' title="bbox 132 2142 1221 2249; baseline -0.001 -25"><span class='ocrx_word' id='word_1_128' title='bbox 132 2153 349 2249; x_wconf 78' lang='lat' dir='ltr'><strong>Origenion.</strong></span> <span class='ocrx_word' id='word_1_129' title='bbox 367 2145 468 2220; x_wconf 82' lang='lat' dir='ltr'><strong>Libr.</strong></span> <span class='ocrx_word' id='word_1_130' title='bbox 485 2152 556 2219; x_wconf 88' lang='lat' dir='ltr'><strong>III.</strong></span> <span class='ocrx_word' id='word_1_131' title='bbox 586 2148 677 2242; x_wconf 83' lang='lat' dir='ltr'><strong>Cap.</strong></span> <span class='ocrx_word' id='word_1_132' title='bbox 693 2148 728 2221; x_wconf 83' lang='lat'><strong>3.</strong></span> <span class='ocrx_word' id='word_1_133' title='bbox 755 2142 849 2247; x_wconf 79' lang='lat' dir='ltr'><strong>sect.</strong></span> <span class='ocrx_word' id='word_1_134' title='bbox 864 2150 900 2220; x_wconf 82' lang='lat'><strong>2.</strong></span> <span class='ocrx_word' id='word_1_135' title='bbox 936 2175 974 2245; x_wconf 87' lang='lat' dir='ltr'><strong>p.</strong></span> <span class='ocrx_word' id='word_1_136' title='bbox 992 2148 1080 2223; x_wconf 79' lang='lat'><strong>266.</strong></span> <span class='ocrx_word' id='word_1_137' title='bbox 1106 2169 1146 2223; x_wconf 88' lang='lat' dir='ltr'><strong>et</strong></span> <span class='ocrx_word' id='word_1_138' title='bbox 1160 2156 1221 2223; x_wconf 86' lang='lat' dir='ltr'><strong>Io.</strong></span> 
     </span>
     <span class='ocr_line' id='line_1_20' title="bbox 128 2243 1219 2349; baseline -0.003 -22"><span class='ocrx_word' id='word_1_139' title='bbox 128 2263 281 2333; x_wconf 76' lang='lat' dir='ltr'><strong>Fatue.</strong></span> <span class='ocrx_word' id='word_1_140' title='bbox 300 2257 502 2324; x_wconf 69' lang='lat' dir='ltr'><strong>Braneus</strong></span> <span class='ocrx_word' id='word_1_141' title='bbox 526 2243 628 2349; x_wconf 80' lang='lat' dir='ltr'><strong>Isag.</strong></span> <span class='ocrx_word' id='word_1_142' title='bbox 660 2249 711 2319; x_wconf 85' lang='lat' dir='ltr'><strong>od</strong></span> <span class='ocrx_word' id='word_1_143' title='bbox 731 2249 858 2323; x_wconf 80' lang='lat' dir='ltr'><strong>Tsreol.</strong></span> <span class='ocrx_word' id='word_1_144' title='bbox 877 2245 1028 2349; x_wconf 77' lang='lat' dir='ltr'><strong>univers</strong></span> <span class='ocrx_word' id='word_1_145' title='bbox 1047 2249 1148 2324; x_wconf 84' lang='lat' dir='ltr'><strong>Libr.</strong></span> <span class='ocrx_word' id='word_1_146' title='bbox 1163 2256 1219 2326; x_wconf 89' lang='grc' dir='ltr'><strong>ΙΙ.</strong></span> 
     </span>
    </p>
   </div>
   <div class='ocr_carea' id='block_1_3' title="bbox 130 2346 1220 2547">
    <p class='ocr_par' dir='ltr' id='par_1_3' title="bbox 130 2346 1220 2547">
     <span class='ocr_line' id='line_1_21' title="bbox 130 2346 1220 2453; baseline -0.004 -24"><span class='ocrx_word' id='word_1_147' title='bbox 130 2361 225 2453; x_wconf 85' lang='lat' dir='ltr'><strong>Cap.</strong></span> <span class='ocrx_word' id='word_1_148' title='bbox 245 2356 278 2427; x_wconf 91' lang='lat'><strong>1.</strong></span> <span class='ocrx_word' id='word_1_149' title='bbox 304 2352 336 2442; x_wconf 91' lang='lat'><strong>§.</strong></span> <span class='ocrx_word' id='word_1_150' title='bbox 355 2349 390 2423; x_wconf 88' lang='grc'><strong>6.</strong></span> <span class='ocrx_word' id='word_1_151' title='bbox 421 2377 458 2445; x_wconf 89' lang='lat' dir='ltr'><strong>p.</strong></span> <span class='ocrx_word' id='word_1_152' title='bbox 479 2346 563 2422; x_wconf 71' lang='lat'><strong>347.</strong></span> <span class='ocrx_word' id='word_1_153' title='bbox 590 2354 776 2423; x_wconf 75' lang='lat' dir='ltr'><strong>Rbssraa</strong></span> <span class='ocrx_word' id='word_1_154' title='bbox 792 2349 878 2420; x_wconf 88' lang='lat' dir='ltr'><strong>Bibl</strong></span> <span class='ocrx_word' id='word_1_155' title='bbox 893 2352 928 2422; x_wconf 88' lang='lat' dir='ltr'><strong>d.</strong></span> <span class='ocrx_word' id='word_1_156' title='bbox 943 2354 1026 2421; x_wconf 82' lang='lat' dir='ltr'><strong>KV</strong></span> <span class='ocrx_word' id='word_1_157' title='bbox 1025 2356 1075 2421; x_wconf 94' lang='lat' dir='ltr'><strong>V.</strong></span> <span class='ocrx_word' id='word_1_158' title='bbox 1093 2358 1143 2437; x_wconf 87' lang='lat'><strong>11,</strong></span> <span class='ocrx_word' id='word_1_159' title='bbox 1156 2352 1220 2427; x_wconf 79' lang='lat'><strong>83.</strong></span> 
     </span>
     <span class='ocr_line' id='line_1_22' title="bbox 230 2445 1220 2547; baseline -0.003 -21"><span class='ocrx_word' id='word_1_160' title='bbox 230 2460 437 2526; x_wconf 73' lang='lat' dir='ltr'><strong>Crarnnus</strong></span> <span class='ocrx_word' id='word_1_161' title='bbox 461 2445 624 2547; x_wconf 54' lang='lat' dir='ltr'><strong>Hieros,</strong></span> <span class='ocrx_word' id='word_1_162' title='bbox 666 2452 731 2545; x_wconf 91' lang='lat' dir='ltr'><strong>qui</strong></span> <span class='ocrx_word' id='word_1_163' title='bbox 769 2452 920 2546; x_wconf 85' lang='lat' dir='ltr'><strong>reliquit</strong></span> <span class='ocrx_word' id='word_1_164' title='bbox 953 2454 1157 2545; x_wconf 62' lang='lat' dir='ltr'><strong>Kanmjoeu</strong></span> <span class='ocrx_word' id='word_1_165' title='bbox 1188 2454 1220 2545; x_wconf 75' lang='lat' dir='ltr'><strong>nj</strong></span> 
     </span>
    </p>
   </div>
   <div class='ocr_carea' id='block_1_4' title="bbox 112 2551 1223 4050">
    <p class='ocr_par' dir='ltr' id='par_1_4' title="bbox 112 2551 1223 4050">
     <span class='ocr_line' id='line_1_23' title="bbox 128 2551 1219 2651; baseline 0 -27"><span class='ocrx_word' id='word_1_166' title='bbox 128 2558 353 2651; x_wconf 75' lang='grc' dir='ltr'>φωτιζομὲνων</span> <span class='ocrx_word' id='word_1_167' title='bbox 375 2556 405 2621; x_wconf 81' lang='grc' dir='ltr'><strong>ἐν</strong></span> <span class='ocrx_word' id='word_1_168' title='bbox 418 2551 640 2645; x_wconf 77' lang='grc' dir='ltr'>Ἱεροσολύμοις</span> <span class='ocrx_word' id='word_1_169' title='bbox 668 2554 897 2642; x_wconf 69' lang='grc' dir='ltr'>σχεδιασθείσαι</span> <span class='ocrx_word' id='word_1_170' title='bbox 922 2556 1122 2645; x_wconf 78' lang='grc' dir='ltr'><strong>εἶσαγωγικαὶ</strong></span> <span class='ocrx_word' id='word_1_171' title='bbox 1146 2560 1219 2641; x_wconf 80' lang='grc' dir='ltr'><strong>τοῖς</strong></span> 
     </span>
     <span class='ocr_line' id='line_1_24' title="bbox 126 2647 1219 2752; baseline 0.002 -26"><span class='ocrx_word' id='word_1_172' title='bbox 126 2669 177 2752; x_wconf 58' lang='grc' dir='ltr'><strong>τῳ·</strong></span> <span class='ocrx_word' id='word_1_173' title='bbox 197 2664 393 2749; x_wconf 80' lang='grc' dir='ltr'><strong><em>βαπτίσματι</em></strong></span> <span class='ocrx_word' id='word_1_174' title='bbox 414 2654 624 2746; x_wconf 74' lang='grc' dir='ltr'><strong>προσελθοῦσι</strong></span> <span class='ocrx_word' id='word_1_175' title='bbox 649 2647 856 2751; x_wconf 82' lang='lat' dir='ltr'><strong>Catecbeses</strong></span> <span class='ocrx_word' id='word_1_176' title='bbox 876 2657 1021 2727; x_wconf 87' lang='lat' dir='ltr'><em>XVIII</em></span> <span class='ocrx_word' id='word_1_177' title='bbox 1035 2656 1086 2727; x_wconf 82' lang='lat' dir='ltr'><strong>od</strong></span> <span class='ocrx_word' id='word_1_178' title='bbox 1102 2659 1219 2728; x_wconf 83' lang='lat' dir='ltr'><strong>Cont-</strong></span> 
     </span>
     <span class='ocr_line' id='line_1_25' title="bbox 124 2753 1220 2862; baseline -0.003 -29"><span class='ocrx_word' id='word_1_179' title='bbox 124 2773 289 2862; x_wconf 82' lang='lat' dir='ltr'><strong>peteates</strong></span> <span class='ocrx_word' id='word_1_180' title='bbox 322 2755 346 2826; x_wconf 92' lang='lat' dir='ltr'><strong>s.</strong></span> <span class='ocrx_word' id='word_1_181' title='bbox 374 2753 422 2825; x_wconf 92' lang='lat' dir='ltr'><strong>ad</strong></span> <span class='ocrx_word' id='word_1_182' title='bbox 446 2779 530 2840; x_wconf 91' lang='lat' dir='ltr'><strong>eos,</strong></span> <span class='ocrx_word' id='word_1_183' title='bbox 558 2755 623 2851; x_wconf 88' lang='lat' dir='ltr'><strong>qui</strong></span> <span class='ocrx_word' id='word_1_184' title='bbox 638 2753 833 2848; x_wconf 87' lang='lat' dir='ltr'><strong>petebant,</strong></span> <span class='ocrx_word' id='word_1_185' title='bbox 861 2772 905 2825; x_wconf 87' lang='lat' dir='ltr'><strong>ut</strong></span> <span class='ocrx_word' id='word_1_186' title='bbox 928 2754 1105 2848; x_wconf 82' lang='lat' dir='ltr'><strong>mysterio</strong></span> <span class='ocrx_word' id='word_1_187' title='bbox 1125 2757 1220 2831; x_wconf 83' lang='lat' dir='ltr'><strong>sacri</strong></span> 
     </span>
     <span class='ocr_line' id='line_1_26' title="bbox 125 2855 1221 2952; baseline -0.005 -15"><span class='ocrx_word' id='word_1_188' title='bbox 125 2859 265 2938; x_wconf 88' lang='lat' dir='ltr'><strong>lavacri</strong></span> <span class='ocrx_word' id='word_1_189' title='bbox 293 2856 541 2928; x_wconf 84' lang='lat' dir='ltr'><strong>initiarentur.</strong></span> <span class='ocrx_word' id='word_1_190' title='bbox 602 2861 646 2926; x_wconf 95' lang='lat' dir='ltr'><strong>In</strong></span> <span class='ocrx_word' id='word_1_191' title='bbox 674 2855 750 2925; x_wconf 88' lang='lat' dir='ltr'><strong>illis</strong></span> <span class='ocrx_word' id='word_1_192' title='bbox 783 2858 945 2946; x_wconf 87' lang='lat' dir='ltr'><strong>Cyrillus</strong></span> <span class='ocrx_word' id='word_1_193' title='bbox 976 2858 1147 2952; x_wconf 87' lang='lat' dir='ltr'><strong>primum</strong></span> <span class='ocrx_word' id='word_1_194' title='bbox 1173 2858 1221 2931; x_wconf 82' lang='lat' dir='ltr'><strong>dc</strong></span> 
     </span>
     <span class='ocr_line' id='line_1_27' title="bbox 124 2956 1220 3053; baseline -0.006 -14"><span class='ocrx_word' id='word_1_195' title='bbox 124 2971 302 3042; x_wconf 88' lang='lat' dir='ltr'><strong>Peccato,</strong></span> <span class='ocrx_word' id='word_1_196' title='bbox 334 2958 379 3029; x_wconf 91' lang='lat' dir='ltr'><strong>de</strong></span> <span class='ocrx_word' id='word_1_197' title='bbox 398 2958 591 3051; x_wconf 83' lang='lat' dir='ltr'><strong>Baptismo</strong></span> <span class='ocrx_word' id='word_1_198' title='bbox 615 2956 897 3052; x_wconf 85' lang='lat' dir='ltr'><strong>praecipuisque</strong></span> <span class='ocrx_word' id='word_1_199' title='bbox 920 2958 1009 3029; x_wconf 83' lang='lat' dir='ltr'><strong>sulci</strong></span> <span class='ocrx_word' id='word_1_200' title='bbox 1030 2960 1220 3053; x_wconf 75' lang='lat' dir='ltr'><strong>capitibus</strong></span> 
     </span>
     <span class='ocr_line' id='line_1_28' title="bbox 124 3058 1223 3161; baseline -0.005 -22"><span class='ocrx_word' id='word_1_201' title='bbox 124 3062 283 3161; x_wconf 82' lang='lat' dir='ltr'><strong>exponit</strong></span> <span class='ocrx_word' id='word_1_202' title='bbox 292 3086 304 3143; x_wconf 89' lang='lat'>;</span> <span class='ocrx_word' id='word_1_203' title='bbox 343 3058 479 3129; x_wconf 89' lang='lat' dir='ltr'><strong>deinde</strong></span> <span class='ocrx_word' id='word_1_204' title='bbox 510 3077 638 3129; x_wconf 87' lang='lat' dir='ltr'><strong>autem</strong></span> <span class='ocrx_word' id='word_1_205' title='bbox 668 3081 799 3128; x_wconf 88' lang='lat' dir='ltr'><strong>omnes</strong></span> <span class='ocrx_word' id='word_1_206' title='bbox 833 3058 1012 3131; x_wconf 83' lang='lat' dir='ltr'><strong>articulos</strong></span> <span class='ocrx_word' id='word_1_207' title='bbox 1044 3060 1223 3153; x_wconf 77' lang='lat' dir='ltr'><strong>symboli</strong></span> 
     </span>
     <span class='ocr_line' id='line_1_29' title="bbox 122 3156 1221 3253; baseline -0.005 -13"><span class='ocrx_word' id='word_1_208' title='bbox 122 3159 462 3253; x_wconf 78' lang='lat' dir='ltr'><strong>Hierosolymitani</strong></span> <span class='ocrx_word' id='word_1_209' title='bbox 490 3156 572 3229; x_wconf 85' lang='lat' dir='ltr'><strong>sule</strong></span> <span class='ocrx_word' id='word_1_210' title='bbox 600 3158 768 3253; x_wconf 82' lang='lat' dir='ltr'><strong>explicat.</strong></span> <span class='ocrx_word' id='word_1_211' title='bbox 821 3162 969 3230; x_wconf 85' lang='lat' dir='ltr'><strong>Praeter</strong></span> <span class='ocrx_word' id='word_1_212' title='bbox 996 3160 1082 3245; x_wconf 89' lang='lat' dir='ltr'><strong>has,</strong></span> <span class='ocrx_word' id='word_1_213' title='bbox 1122 3162 1221 3235; x_wconf 82' lang='lat' dir='ltr'><strong>eius-</strong></span> 
     </span>
     <span class='ocr_line' id='line_1_30' title="bbox 125 3259 1218 3355; baseline -0.007 -14"><span class='ocrx_word' id='word_1_214' title='bbox 125 3270 213 3341; x_wconf 87' lang='lat' dir='ltr'><strong>dem</strong></span> <span class='ocrx_word' id='word_1_215' title='bbox 229 3262 393 3336; x_wconf 83' lang='lat' dir='ltr'><strong>auctoris</strong></span> <span class='ocrx_word' id='word_1_216' title='bbox 412 3259 598 3330; x_wconf 81' lang='lat' dir='ltr'><strong>habentur</strong></span> <span class='ocrx_word' id='word_1_217' title='bbox 622 3262 718 3347; x_wconf 81' lang='grc' dir='ltr'><strong>Λόγοι</strong></span> <span class='ocrx_word' id='word_1_218' title='bbox 739 3261 971 3353; x_wconf 69' lang='grc' dir='ltr'><strong>μυσταγωγικοὶ</strong></span> <span class='ocrx_word' id='word_1_219' title='bbox 995 3263 1010 3331; x_wconf 82' lang='grc' dir='ltr'><strong><em>ἑ</em></strong></span> <span class='ocrx_word' id='word_1_220' title='bbox 1032 3262 1109 3355; x_wconf 78' lang='grc' dir='ltr'><strong>πρὸς</strong></span> <span class='ocrx_word' id='word_1_221' title='bbox 1136 3262 1218 3349; x_wconf 69' lang='grc' dir='ltr'><strong>τοὺς</strong></span> 
     </span>
     <span class='ocr_line' id='line_1_31' title="bbox 123 3357 1221 3465; baseline -0.003 -27"><span class='ocrx_word' id='word_1_222' title='bbox 123 3375 352 3456; x_wconf 58' lang='lat' dir='ltr'><strong>stupratorem,</strong></span> <span class='ocrx_word' id='word_1_223' title='bbox 375 3357 584 3459; x_wconf 71' lang='lat' dir='ltr'><strong>Catecbeses</strong></span> <span class='ocrx_word' id='word_1_224' title='bbox 606 3359 631 3430; x_wconf 89' lang='lat' dir='ltr'><strong>s.</strong></span> <span class='ocrx_word' id='word_1_225' title='bbox 651 3360 902 3432; x_wconf 87' lang='lat' dir='ltr'><strong>Catacheticae</strong></span> <span class='ocrx_word' id='word_1_226' title='bbox 920 3362 1115 3437; x_wconf 84' lang='lat' dir='ltr'><strong>orationes</strong></span> <span class='ocrx_word' id='word_1_227' title='bbox 1134 3391 1221 3465; x_wconf 67' lang='lat' dir='ltr'><strong>my·</strong></span> 
     </span>
     <span class='ocr_line' id='line_1_32' title="bbox 112 3456 1221 3571; baseline -0.003 -30"><span class='ocrx_word' id='word_1_228' title='bbox 112 3463 342 3571; x_wconf 78' lang='lat' dir='ltr'><strong>fiagogicoe</strong></span> <span class='ocrx_word' id='word_1_229' title='bbox 365 3466 541 3557; x_wconf 81' lang='lat' dir='ltr'><strong>quiaque,</strong></span> <span class='ocrx_word' id='word_1_230' title='bbox 578 3462 628 3531; x_wconf 83' lang='lat' dir='ltr'><strong>ud</strong></span> <span class='ocrx_word' id='word_1_231' title='bbox 650 3486 729 3545; x_wconf 85' lang='lat' dir='ltr'><strong>eos,</strong></span> <span class='ocrx_word' id='word_1_232' title='bbox 762 3467 825 3557; x_wconf 81' lang='lat' dir='ltr'><strong>qui</strong></span> <span class='ocrx_word' id='word_1_233' title='bbox 840 3486 963 3533; x_wconf 84' lang='lat' dir='ltr'><strong>recens</strong></span> <span class='ocrx_word' id='word_1_234' title='bbox 974 3456 1068 3561; x_wconf 84' lang='lat' dir='ltr'><strong>sunt</strong></span> <span class='ocrx_word' id='word_1_235' title='bbox 1093 3464 1221 3561; x_wconf 73' lang='lat' dir='ltr'><strong>bapti»</strong></span> 
     </span>
     <span class='ocr_line' id='line_1_33' title="bbox 121 3562 1221 3663; baseline -0.004 -20"><span class='ocrx_word' id='word_1_236' title='bbox 121 3575 218 3655; x_wconf 79' lang='lat' dir='ltr'><strong>zati,</strong></span> <span class='ocrx_word' id='word_1_237' title='bbox 253 3566 389 3663; x_wconf 90' lang='lat' dir='ltr'><strong>quibus</strong></span> <span class='ocrx_word' id='word_1_238' title='bbox 417 3562 633 3659; x_wconf 88' lang='lat' dir='ltr'><strong>praesertim</strong></span> <span class='ocrx_word' id='word_1_239' title='bbox 666 3563 712 3633; x_wconf 91' lang='lat' dir='ltr'><strong>de</strong></span> <span class='ocrx_word' id='word_1_240' title='bbox 735 3563 929 3659; x_wconf 89' lang='lat' dir='ltr'><strong>Baptismo</strong></span> <span class='ocrx_word' id='word_1_241' title='bbox 957 3588 999 3634; x_wconf 89' lang='lat' dir='ltr'><strong>ac</strong></span> <span class='ocrx_word' id='word_1_242' title='bbox 1026 3570 1060 3637; x_wconf 85' lang='lat' dir='ltr'><strong>S.</strong></span> <span class='ocrx_word' id='word_1_243' title='bbox 1088 3572 1221 3639; x_wconf 85' lang='lat' dir='ltr'><strong>Coena</strong></span> 
     </span>
     <span class='ocr_line' id='line_1_34' title="bbox 122 3661 1220 3769; baseline -0.005 -25"><span class='ocrx_word' id='word_1_244' title='bbox 122 3674 331 3769; x_wconf 82' lang='lat' dir='ltr'><strong>agitatque</strong></span> <span class='ocrx_word' id='word_1_245' title='bbox 351 3661 468 3735; x_wconf 84' lang='lat' dir='ltr'><strong>officia</strong></span> <span class='ocrx_word' id='word_1_246' title='bbox 489 3662 638 3734; x_wconf 88' lang='lat' dir='ltr'><strong>salutari</strong></span> <span class='ocrx_word' id='word_1_247' title='bbox 654 3688 748 3757; x_wconf 90' lang='lat' dir='ltr'><strong>aqua</strong></span> <span class='ocrx_word' id='word_1_248' title='bbox 768 3664 986 3736; x_wconf 87' lang='lat' dir='ltr'><strong>ablutorum</strong></span> <span class='ocrx_word' id='word_1_249' title='bbox 1011 3668 1220 3759; x_wconf 83' lang='lat' dir='ltr'><strong>percenset.</strong></span> 
     </span>
     <span class='ocr_line' id='line_1_35' title="bbox 120 3764 1222 3869; baseline -0.002 -26"><span class='ocrx_word' id='word_1_250' title='bbox 120 3772 295 3869; x_wconf 83' lang='lat' dir='ltr'><strong>Explicat</strong></span> <span class='ocrx_word' id='word_1_251' title='bbox 325 3767 377 3837; x_wconf 87' lang='lat' dir='ltr'><strong>ita</strong></span> <span class='ocrx_word' id='word_1_252' title='bbox 411 3764 565 3859; x_wconf 86' lang='lat' dir='ltr'><strong>quidem</strong></span> <span class='ocrx_word' id='word_1_253' title='bbox 600 3765 761 3856; x_wconf 85' lang='lat' dir='ltr'><strong>Cyrillus</strong></span> <span class='ocrx_word' id='word_1_254' title='bbox 795 3764 974 3863; x_wconf 87' lang='lat' dir='ltr'><strong>dogmata</strong></span> <span class='ocrx_word' id='word_1_255' title='bbox 1014 3768 1222 3866; x_wconf 80' lang='lat' dir='ltr'><strong>religionis</strong></span> 
     </span>
     <span class='ocr_line' id='line_1_36' title="bbox 121 3865 1222 3953; baseline 0.002 -12"><span class='ocrx_word' id='word_1_256' title='bbox 121 3870 353 3953; x_wconf 75' lang='lat' dir='ltr'><strong>christianae,</strong></span> <span class='ocrx_word' id='word_1_257' title='bbox 381 3890 462 3937; x_wconf 90' lang='lat' dir='ltr'><strong>nou</strong></span> <span class='ocrx_word' id='word_1_258' title='bbox 489 3865 636 3948; x_wconf 87' lang='lat' dir='ltr'><strong>omnia,</strong></span> <span class='ocrx_word' id='word_1_259' title='bbox 665 3865 725 3937; x_wconf 89' lang='lat' dir='ltr'><strong>sed</strong></span> <span class='ocrx_word' id='word_1_260' title='bbox 742 3868 952 3937; x_wconf 90' lang='lat' dir='ltr'><strong>nonnulla:</strong></span> <span class='ocrx_word' id='word_1_261' title='bbox 978 3890 1060 3937; x_wconf 93' lang='lat' dir='ltr'><strong>non</strong></span> <span class='ocrx_word' id='word_1_262' title='bbox 1080 3868 1222 3943; x_wconf 86' lang='lat' dir='ltr'><strong>ordine</strong></span> 
     </span>
     <span class='ocr_line' id='line_1_37' title="bbox 120 3967 1221 4050; baseline -0.004 -1"><span class='ocrx_word' id='word_1_263' title='bbox 120 3975 284 4049; x_wconf 86' lang='lat' dir='ltr'><strong>naturali</strong></span> <span class='ocrx_word' id='word_1_264' title='bbox 315 3971 413 4039; x_wconf 87' lang='lat' dir='ltr'><strong>inter</strong></span> <span class='ocrx_word' id='word_1_265' title='bbox 447 3967 483 4038; x_wconf 86' lang='lat' dir='ltr'><strong>se</strong></span> <span class='ocrx_word' id='word_1_266' title='bbox 510 3991 702 4050; x_wconf 88' lang='lat' dir='ltr'><strong>connexa,</strong></span> <span class='ocrx_word' id='word_1_267' title='bbox 739 3967 800 4037; x_wconf 89' lang='lat' dir='ltr'><strong>sed</strong></span> <span class='ocrx_word' id='word_1_268' title='bbox 830 3967 999 4039; x_wconf 82' lang='lat' dir='ltr'><strong>liberiori</strong></span> <span class='ocrx_word' id='word_1_269' title='bbox 1029 3968 1221 4045; x_wconf 78' lang='lat' dir='ltr'><strong>sermone.</strong></span> 
     </span>
    </p>
   </div>
   <div class='ocr_carea' id='block_1_5' title="bbox 120 4064 1221 4176">
    <p class='ocr_par' dir='ltr' id='par_1_5' title="bbox 120 4064 1221 4176">
     <span class='ocr_line' id='line_1_38' title="bbox 120 4064 1221 4176; baseline -0.005 -25"><span class='ocrx_word' id='word_1_270' title='bbox 120 4082 225 4176; x_wconf 78' lang='lat' dir='ltr'><strong>Quae</strong></span> <span class='ocrx_word' id='word_1_271' title='bbox 249 4095 368 4172; x_wconf 88' lang='lat' dir='ltr'><strong>quum</strong></span> <span class='ocrx_word' id='word_1_272' title='bbox 387 4070 439 4144; x_wconf 87' lang='lat' dir='ltr'><strong>ita</strong></span> <span class='ocrx_word' id='word_1_273' title='bbox 457 4064 546 4155; x_wconf 85' lang='lat' dir='ltr'><strong>stat,</strong></span> <span class='ocrx_word' id='word_1_274' title='bbox 571 4092 653 4141; x_wconf 89' lang='lat' dir='ltr'><strong>uon</strong></span> <span class='ocrx_word' id='word_1_275' title='bbox 678 4068 886 4165; x_wconf 85' lang='lat' dir='ltr'><strong>accepimus</strong></span> <span class='ocrx_word' id='word_1_276' title='bbox 904 4069 949 4143; x_wconf 84' lang='lat' dir='ltr'><strong>ab</strong></span> <span class='ocrx_word' id='word_1_277' title='bbox 968 4091 1014 4145; x_wconf 88' lang='lat' dir='ltr'><strong>eo</strong></span> <span class='ocrx_word' id='word_1_278' title='bbox 1032 4094 1221 4169; x_wconf 83' lang='lat' dir='ltr'><strong>compen·</strong></span> 
     </span>
    </p>
   </div>
   <div class='ocr_carea' id='block_1_6' title="bbox 0 0 1276 4724">
    <p class='ocr_par' dir='ltr' id='par_1_6' title="bbox 0 0 1276 4724">
     <span class='ocr_line' id='line_1_39' title="bbox 0 0 1276 4724; baseline 0 2"><span class='ocrx_word' id='word_1_279' title='bbox 0 0 1276 4724; x_wconf 95' lang='lat' dir='ltr'><strong> </strong></span> 
     </span>
    </p>
   </div>
  </div>
 </body>
</html>
