2542 4724
121 308 198 386 786
337 348 340 353 -
452 284 908 386 crr.xv.§.150.

24 520 30 537 ·
129 472 1095 577 exhibiiusammmmm.Tubingauoaw)
1119 479 1240 577 Operis

130 596 246 668 huius
259 593 355 664 liber
372 589 487 684 prior,
508 609 585 680 quo
603 581 813 666 contendit,
828 577 1056 676 inpossibile
1073 600 1143 653 aut
1161 578 1240 652 diffi-

133 697 316 772 cillimum
335 691 463 762 saltem
481 686 558 769 esse,
583 682 675 779 quid
692 682 738 753 de
754 682 1020 777 praesentibus
1047 684 1142 756 fidei
1160 708 1240 755 con·

133 792 321 879 troversris
339 796 464 863 Patres
483 786 676 868 senserint,
702 783 850 879 liquido
870 801 907 855 et
928 783 1099 856 definite
1118 780 1240 857 conili-

135 919 250 981 tuere‚
270 891 532 986 complectitur
551 886 680 981 Capita
696 890 760 967 XI,
779 884 999 980 horumque
1022 903 1238 986 argumenta

137 1000 242 1073 sunt:
262 983 723 1089 l)·aegreconstarepolse‚
742 985 944 1080 quidcirca
959 984 1118 1061 nostras
1136 989 1181 1059 de
1195 1010 1238 1058 rc·

135 1100 281 1196 ligione
307 1087 576 1164 controversias
603 1086 778 1159 senserint
794 1092 944 1172 Patres,
974 1114 1107 1183 quum
1132 1111 1237 1185 pauca

138 1195 277 1272 exstent
289 1194 431 1288 scripta,
448 1190 568 1263 tribus
577 1187 790 1285 praesertim
808 1186 1086 1283 antiquissimis
1098 1190 1236 1272 seculis3

137 1300 180 1391 2)
206 1320 301 1393 quae
326 1292 522 1389 supersunt
544 1316 564 1363 e
584 1290 703 1362 tribus
720 1290 912 1385 prioribus
934 1290 1096 1377 seculls,
1115 1292 1236 1387 scripta

140 1399 343 1475 maximam
368 1412 512 1489 partem
537 1417 645 1489 agere
668 1390 714 1462 de
737 1391 847 1464 rebus
866 1389 1112 1466 alienissimis
1129 1395 1176 1464 ab
1192 1393 1238 1474 iis,

142 1524 238 1599 quae
268 1495 384 1568 hodie
407 1495 500 1567 circa
526 1493 751 1592 religionem
778 1492 818 1563 in
843 1494 1160 1585 controversiam
1185 1518 1240 1565 vo·

143 1618 295 1682 cantur;
338 1596 376 1684 3)
405 1595 510 1691 quod
540 1600 695 1666 Petrum
725 1606 813 1666 vere'
841 1612 1037 1690 certoque
1061 1621 1147 1667 non
1170 1594 1240 1677 lint,

122 1722 403 1797 ¹quaecumque
425 1720 529 1767 nunc
563 1719 697 1766 eorum
720 1695 878 1765 nomine
902 1694 1240 1779 circumferuntur,

144 1803 213 1877 sed.
224 1802 398 1895 pleraque
413 1797 459 1870 iis
475 1798 535 1869 vel
554 1798 669 1880 olim,
696 1798 758 1868 vel
779 1796 838 1869 his
864 1795 1033 1870 demum
1054 1796 1241 1896 postremis

144 1902 275 1979 seculis
293 1896 410 1971 afficta
425 1924 468 1970 ac
483 1894 690 1994 supposrta;
716 1898 758 1987 ll)
783 1897 982 1992 prioribus
1003 1919 1048 1972 et
1073 1898 1242 1998 posterio-

144 2005 251 2083 ribus
288 2001 430 2085 seculis,
460 2018 643 2097 tempore,
674 1998 873 2095 imperitia,
904 1996 1141 2089 fraudibus,
1172 2026 1243 2074 curu

143 2106 219 2207 piis
255 2124 337 2175 turn
370 2102 580 2199 maliginis‚
612 2099 774 2198 genuina
810 2104 870 2172 SS.
909 2107 1084 2177 Parrum
1123 2103 1242 2198 scripta

146 2207 260 2282 variis
278 2202 316 2276 in
333 2204 428 2274 locis
443 2203 697 2273 imnmtataet
712 2201 921 2271 adulterata
939 2200 1059 2278 fuisse
1067 2232 1081 2289 3
1111 2202 1153 2300 5)
1177 2226 1243 2276 nos

147 2308 264 2385 facile
287 2302 373 2388 esse,
404 2308 558 2375 Parrum
589 2301 720 2397 scripta
741 2301 956 2399 intelligere
981 2322 1079 2378 tum
1104 2322 1242 2404 propte

147 2412 298 2508 linguas
319 2424 355 2476 et
371 2405 599 2484 idiotismus,
617 2403 753 2497 quibus
771 2420 956 2489 utuntur,
984 2424 1081 2480 tum
1105 2425 1243 2506 propter

148 2535 273 2586 rerum
286 2505 590 2601 explicandarum
606 2504 718 2575 variis
735 2504 949 2577 rhetoricae
970 2526 1013 2578 et
1034 2510 1240 2583 dialecticae

150 2610 314 2685 artificiis
341 2606 576 2678 obscuratam
606 2622 643 2675 et
672 2605 893 2701 impeditam
918 2609 1151 2697 rationem,
1179 2629 1242 2682 tunt

151 2711 255 2810 quod
280 2709 474 2804 plerasque
500 2730 613 2777 voces
637 2706 733 2790 alio,
760 2730 873 2801 quam
899 2708 971 2803 qui
998 2713 1174 2785 nuncin
1191 2708 1242 2783 usu

90 2876 94 2889 ,
152 2811 218 2897 est,
246 2808 351 2882 sensu
375 2809 554 2903 usurpent
562 2833 574 2890 ;
601 2806 643 2896 6)
667 2812 792 2879 Patres
822 2807 939 2903 saepe,
964 2832 1074 2905 quae
1098 2812 1169 2910 ipsi
1184 2834 1242 2884 cre·

152 2916 259 2998 dunt,
276 2927 440 2982 tacereet
454 2932 639 3002 quaenon
650 2908 818 2993 credunt,
834 2908 970 2996 dicere,
992 2912 1065 2985 seu
1083 2918 1241 2989 aliorum.

150 3015 306 3089 nomine
324 3010 451 3094 tacito,
469 3008 669 3081 sententias
689 3008 863 3094 reserant,
882 3028 928 3081 ut
945 3012 989 3081 in
1008 3018 1241 3087 comment*

150 3115 228 3200 riis,
254 3113 315 3184 seu
340 3130 472 3182 contra
494 3111 722 3183 adversarios
745 3110 948 3206 disputent,
966 3114 1043 3185 ubi
1063 3118 1166 3188 nibil
1180 3136 1239 3186 noa

151 3214 342 3297 adhibent,
375 3211 481 3306 quod
511 3229 777 3307 argumentum
808 3211 920 3284 suum
949 3211 1098 3304 saciat,
1128 3218 1190 3290 seu
1209 3210 1240 3284 ti

151 3335 303 3414 captum
317 3314 536 3384 auditorum
553 3312 587 3382 se
599 3312 900 3398 accommodent,
921 3333 967 3384 ut
983 3316 1029 3386 in
1050 3317 1238 3393 Honriliitt

148 3420 193 3508 7)
216 3422 342 3489 Patres
366 3414 407 3485 in
431 3413 565 3485 iisdem
590 3411 677 3485 fidei
697 3413 879 3508 capitibus
896 3439 984 3487 non
1005 3417 1163 3517 semper
1176 3441 1237 3517 per·

150 3515 284 3600 stitisse,
304 3514 366 3588 sed
381 3539 401 3586 e
415 3513 641 3609 quibusdam
653 3514 726 3586 suis
738 3514 932 3588 sententiis
949 3539 1236 3617 nonnumquam

152 3613 355 3700 discessisse,
391 3632 508 3711 prout
540 3614 825 3700 exercitatione,
860 3618 924 3688 vel
957 3636 1090 3694 aetate
1125 3638 1235 3694 eorus

150 3732 403 3795 maturaverat
419 3715 601 3788 iudicium
610 3743 623 3800 ς
648 3714 949 3805 &necessarium
960 3721 1121 3794 etidem
1135 3738 1234 3794 tarum

151 3816 414 3893 difficillimum
430 3814 518 3903 esse,
535 3835 592 3887 ut
609 3835 711 3890 certo
729 3814 952 3907 statuamus,
984 3823 1087 3919 quid
1111 3824 1159 3896 de
1181 3818 1231 3893 suit

147 3920 320 4021 ipsorum
350 3915 504 4019 singulis
530 3916 721 3993 sententiis
746 3925 873 3995 Patres
897 3922 1123 3999 censuerint
1146 3942 1184 3998 et
1200 3939 1229 3991 tt

148 4088 358 4111 W

181 4143 210 4213 ·)
226 4141 326 4200 Actor.
344 4136 501 4207 Eruditor.
519 4134 672 4210 sappam
689 4138 741 4210 tlt,
759 4144 817 4202 tsa
