2542 4724
347 180 835 365 'mmmm
937 260 940 265 ’
1101 251 1179 332 567

178 439 353 511 Eusnsu
371 432 516 532 scripta,
542 460 613 533 pro
629 437 787 510 veritate
802 437 999 537 religionis
1013 435 1178 513 christia·

72 563 169 625 nae,
196 537 381 609 memoria
399 536 620 609 aelectione
638 539 744 611 omni
761 539 893 638 digna,
922 541 1062 636 quippe
1080 565 1176 636 quae

71 640 182 713 sunt:
211 636 265 728 1.)
282 641 508 730 Ἐυαγγελικῆς
527 640 715 730 ἀποδείξεως
731 644 981 735 προπαρασκευὴ,
997 646 1174 741 Evange-

74 742 170 815 licae
182 743 484 836 praeparationis
498 739 607 811 Libb.
625 745 703 813 XV.
722 742 770 812 ad
787 743 1056 830 Theodotum,
1084 742 1174 838 Epi-

69 841 230 937 scopum
255 839 549 928 Laodicensem,
588 841 656 911 ubi
682 845 841 915 collecta
872 842 959 914 sunt
985 842 1172 939 praeclara

69 960 323 1015 monumenta
350 966 392 1012 ac
416 939 658 1025 testimonias
692 945 835 1016 eumin
857 944 972 1017 finem
991 962 1170 1029 enarrata,

69 1043 209 1139 utqui
234 1068 330 1139 opus
355 1041 430 1113 hoc
453 1044 604 1141 legerit,
631 1044 734 1115 illius
758 1043 906 1118 animus
931 1063 1172 1140 praeparetur

68 1142 119 1217 ad
145 1139 482 1217 demonstrationes
509 1144 554 1215 de
577 1145 733 1216 veritate
757 1148 957 1244 Evangelii
975 1143 1105 1217 Christi
1125 1171 1172 1218 ex

66 1244 181 1318 sacris
197 1245 332 1318 litteris
351 1262 457 1316 tanto
478 1243 626 1316 facilius
645 1247 910 1319 adnrittendas.
953 1248 1009 1336 2.)
1025 1252 1173 1338 Ἐυογγε-

65 1347 146 1437 λικὶγ
172 1338 334 1430 ἀπόδειξις
343 1399 354 1432 ,
381 1349 470 1436 λόγοι
493 1356 522 1432 t,
549 1338 824 1442 Demonstratio
844 1348 1080 1447 evangelica;
1111 1350 1169 1418 in-

64 1446 201 1545 primis
231 1464 357 1518 tamen
392 1467 522 1521 contra
556 1448 717 1519 Iudaeos
751 1448 885 1544 scripta
918 1450 1089 1543 hancque
1117 1448 1166 1520 ob

66 1546 229 1621 caullam
245 1545 372 1643 postea
391 1575 410 1620 a
428 1549 540 1619 nobis
552 1549 808 1620 memoranda.
841 1549 895 1641 3.)
905 1551 1018 1621 Liber
1035 1563 1168 1620 contra

65 1650 291 1735 Hieroclem,
311 1650 376 1745 qui
396 1650 506 1722 etiam
525 1650 573 1720 ad
587 1648 843 1724 delenfionem
859 1651 1055 1753 religionis
1072 1649 1169 1723 chri·

63 1746 205 1825 stienae
224 1768 461 1847 comparatus
482 1746 541 1825 est.

168 1854 409 1925 Arnanasu
430 1853 532 1943 Λόγος
551 1852 637 1924 κατὰ
652 1851 825 1940 Ἑλλήνων,
843 1851 1067 1926 Lib.contra
1075 1876 1168 1951 gen·

64 1964 144 2041 tes,
174 1954 282 2025 cuius
301 1955 426 2049 operis
448 1953 589 2026 librum
608 1952 813 2029 sectandum
831 1953 897 2029 elle
914 1955 1083 2027 eiusdem
1101 1952 1168 2024 llo'·
1190 1950 1197 1969 '

63 2080 123 2145 γον
144 2056 211 2149 περὶ
234 2056 490 2149 ἕνανθρωπήσεως
505 2059 563 2126 τοῦ
582 2061 663 2127 Θεοῦ
684 2059 788 2144 Λόγου
805 2059 931 2144 καὶτῆς
948 2059 996 2126 διὰ
1016 2057 1165 2146 σώματος

63 2160 139 2253 πρὸς
157 2157 238 2247 ἡμᾶς
256 2157 434 2243 ἐπιφανείας
455 2153 579 2242 αὑτοῦ,
611 2160 831 2229 Orationem
847 2158 891 2229 de
908 2160 1166 2229 incarnatione

68 2254 187 2351 Verbi
214 2259 359 2354 eiusque
391 2259 578 2357 corporali
602 2258 655 2332 ad
679 2283 747 2333 nos
771 2258 956 2342 adventu,
982 2257 1166 2330 nonnulli

63 2356 311 2455 suspicantur.
331 2360 370 2448 ὕ)

168 2466 379 2533 Gaeeonu
397 2463 580 2533 Nazianz.
605 2460 702 2550 Λόγοι
726 2459 958 2550 amiternina}
985 2460 1069 2530 narii
1092 2465 1163 2529 Ῑου-

63 2560 175 2633 tanos
185 2562 354 2645 βασιλέως,
375 2565 572 2634 Orationes
588 2566 790 2634 invectivae
807 2562 1047 2635 inluiianum
1061 2565 1159 2655 Imp.

63 2657 309 2759 Apostntum,
341 2663 435 2734 ideo
466 2665 655 2736 orationes
683 2664 918 2755 οτγλιτευτικοὶ
949 2661 1161 2756 inscriptae,

63 2764 154 2859 quia
179 2762 274 2848 illis,
311 2766 415 2836 velut
446 2766 666 2850 columnae,
700 2765 885 2860 insculpta
908 2758 1061 2863 posteris
1087 2779 1161 2834 tra·

63 2864 216 2949 deretur
231 2865 369 2937 Iuliani
386 2864 559 2961 impietas
577 2884 615 2938 et
632 2866 793 2938 saevitia.
804 2866 867 2956 **)

166 2968 376 3038 anconu
396 2960 501 3067 Nyff.
523 2968 628 3058 Λόγος
650 2974 722 3063 πρὸς
734 2967 891 3060 Ἕλληνας
912 2967 949 3037 ἐκ
969 2971 1035 3041 τῶν
1050 2966 1163 3037 κοινῶν

63 3066 196 3153 marm,
219 3069 420 3137 Tractntas
440 3070 525 3140 adv.
551 3069 732 3155 Graecos,
761 3094 808 3140 esa
824 3065 1078 3141 communibus
1093 3089 1159 3137 no·

63 3163 235 3241 tionibus.
272 3173 418 3239 Praeter
434 3170 536 3240 hunc
550 3188 676 3242 autent
692 3171 817 3243 scribit
831 3195 915 3242 non
932 3166 1055 3241 solum
1069 3172 1162 3240 Ἀπο-

63 3270 232 3360 marnis
249 3278 314 3364 περὶ
330 3278 388 3355 τῆς
403 3266 599 3365 ἑξαγμὲρου,
625 3272 925 3367 Explicatiortem
949 3268 1160 3369 apologeti-

63 3396 148 3444 cam
179 3372 217 3440 in
248 3374 530 3458 llexaemeron,
574 3398 669 3469 quae
701 3373 873 3444 continet
902 3368 1159 3443 defensionem

63 3468 182 3547 Molis
203 3489 241 3544 et
264 3496 417 3560 eorum,
444 3499 539 3570 quae
562 3473 604 3547 in
628 3472 755 3548 fratris
776 3472 901 3549 uellit
921 3479 1157 3547 Hexaemero

91 3728 126 3799 9)
140 3726 184 3781 lo.
202 3724 279 3782 Part
307 3726 497 3785 Baatrznrm
521 3730 625 3787 lettre
641 3729 703 3801 sur
728 3730 813 3785 deux
838 3744 988 3803 ouvrages
1012 3724 1160 3806 attniue's

128 3798 198 3853 AS.
216 3796 386 3867 Athanase:
417 3806 444 3864 1)
462 3800 488 3855 le
505 3800 651 3855 Discours
671 3810 774 3855 contre
799 3801 840 3855 les
859 3800 948 3855 Grecs
975 3804 1004 3853 et
1035 3801 1065 3865 2)
1093 3796 1159 3850 l'tn·

127 3864 289 3919 carnation
306 3867 350 3919 rire
371 3868 483 3935 Verbe;
500 3870 533 3924 in
551 3868 757 3940 Bibliotheque
774 3866 1039 3942 german-Khw-
1066 3863 1159 3921 Μὸιι·

127 3948 188 4073 Ἴ
197 3931 395 4063 ὴάῖιῆῦῖῑῶἧω
418 3955 448 4011 Ρ.
474 3943 533 3998 136.
568 3938 738 3998 Musaeum
761 3934 920 3996 unitura
945 3935 975 3993 d.
1001 3934 1158 4010 [tegmen-

127 4020 226 4076 gce.
259 4039 270 4069 ,
340 4048 346 4062 .

91 4107 139 4177 *ἢ
150 4102 201 4164 et
218 4102 371 4167 utum
389 4106 556 4183 Gregorius
572 4125 602 4169 v.
618 4107 755 4170 nuttam
771 4129 801 4189 p.
815 4115 860 4174 96.
875 4113 937 4172 639.
