2542 4724
116 264 194 345 676
425 234 514 333 οἰ
542 274 579 327 r.
614 256 719 327 xnt.
771 251 806 344 s.
836 249 924 329 tat.
974 350 979 357 ¹

119 430 264 536 mator,
280 440 430 521 enatat
445 439 584 515 minor
597 435 795 513 tnauffia
811 436 980 540 probata
995 436 1233 522 naccam-

120 549 393 631 mentationes
415 566 525 617 nuuc
540 540 772 640 longiores,
797 566 909 616 nunc
928 540 1148 622 breviores
1166 570 1233 622 ex·

119 655 349 731 hibeutttur.

224 811 458 905 Argumenta
484 798 804 897 Iurisprudentiae
831 801 981 875 divinae
1007 827 1028 874 a
1052 802 1229 879 Patribus

123 910 306 991 Ecclesiae
332 907 438 1000 saepe
464 906 659 1001 explanata
681 904 768 974 sunt
793 906 918 977 oblata
946 902 1165 991 occastone,
1192 907 1232 979 iu

124 990 369 1089 Homiliislac
386 1006 653 1091 Sermonibus,
683 1005 722 1076 in
740 1004 1120 1102 interpretationibus
1139 1008 1232 1080 Scri·

126 1136 325 1217 pturarum
336 1113 414 1193 SS.;
443 1109 516 1178 alio
530 1126 700 1203 tempore
717 1126 829 1203 atque
845 1108 1152 1205 opportunitate,
1171 1134 1232 1181 cu·

126 1213 297 1290 iusntodi
325 1229 450 1281 tamen
481 1207 614 1303 scripta
640 1208 865 1309 om'utintus.
930 1216 1060 1305 Quum
1088 1227 1128 1280 et
1151 1208 1231 1282 sue·

126 1338 236 1402 runt,
264 1312 331 1410 qui
347 1337 392 1381 ex
408 1306 580 1381 instituto
599 1310 922 1407 Iurisprudentiae
940 1310 1091 1382 divinae
1105 1310 1232 1385 lucem

127 1416 314 1501 afferrent,
335 1412 382 1483 ad
396 1412 538 1483 horum
555 1431 809 1486 monumenta
823 1412 1027 1485 enarranda
1045 1436 1123 1486 nos
1141 1418 1231 1487 cou'·

124 1523 319 1599 vertimus.
373 1518 470 1586 Sunt
484 1509 568 1589 ista:
603 1544 606 1549 ·

228 1679 531 1745 Teaaututaut
549 1667 633 1740 Lib.
653 1668 699 1739 de
716 1667 945 1763 Spectaculis
953 1719 964 1755 ,
990 1694 1072 1765 quo
1094 1690 1229 1744 contra

125 1778 190 1851 illa
215 1773 381 1867 disputat
398 1789 510 1868 atque
528 1768 708 1851 ostendit,
733 1764 1030 1843 Christianorum
1058 1770 1228 1855 officium

127 1878 215 1964 elle,
243 1892 287 1945 ut
310 1896 331 1945 u
346 1873 447 1946 ludis
471 1873 530 1945 his
546 1870 790 1954 abhorreant,
820 1896 890 1941 nec
905 1896 1042 1945 eorum
1058 1871 1136 1959 fiat
1151 1876 1227 1972 spe·

126 1993 300 2055 ctatores.
353 1981 404 2047 Ut
429 1974 652 2046 sententiam
678 1971 782 2044 suam
808 1975 963 2066 probet,
988 1999 1074 2045 non
1101 1976 1225 2050 solum

125 2082 175 2155 ad
200 2105 240 2153 ea
265 2077 486 2173 respondet,
521 2101 617 2171 quae
643 2099 714 2171 pro
748 2073 965 2169 spectaculis
999 2072 1224 2165 afferuntur,

124 2181 324 2263 sedetiam
351 2178 513 2249 recenset
537 2177 640 2248 varia
668 2193 908 2275 argumenta,
943 2198 1041 2269 <puae
1065 2181 1146 2253 illis
1173 2208 1225 2255 re-

125 2301 309 2382 pugnant.
363 2285 407 2352 In
424 2280 499 2351 illis
522 2277 690 2348 sumtum
713 2274 761 2348 est
780 2277 972 2372 quoddam
987 2302 1009 2349 a
1027 2283 1224 2376 Baptismo

125 2385 267 2468 nostru,
298 2406 373 2477 quo
399 2404 471 2452 nos
496 2379 836 2450 renuntiaverimus
860 2379 1027 2451 Diabolo
1055 2401 1094 2453 et
1118 2389 1226 2456 Pom·

127 2515 196 2586 pae
214 2504 249 2558 et
259 2483 414 2580 Angelis
432 2487 521 2565 eius,
548 2507 613 2575 per
631 2478 935 2573 consequentiam
955 2482 1070 2553 etiam
1090 2482 1226 2580 specta·

126 2591 244 2671 culis,
284 2610 402 2680 quum
436 2585 500 2653 illa
528 2584 576 2653 ad
602 2587 786 2675 Pompam
814 2582 968 2653 Diaboli
999 2586 1224 2678 pertineant.

124 2698 181 2765 Ita
201 2712 355 2785 quoque
373 2685 436 2754 alii
454 2703 625 2755 veterum
646 2679 1145 2761 ClrriliianoruntDoctores
1161 2690 1226 2760 hac

126 2795 173 2865 de
202 2818 242 2861 re
272 2786 460 2869 statuunt,
495 2785 730 2881 Theophilus
761 2784 960 2871 antioch„
997 2791 1223 2882 Cyprianus,

126 2887 426 2984 Cltrysostomus,
453 2882 688 2981 Epiphanius
704 2904 815 2981 atque
830 2885 904 2957 alii.
943 2887 1105 2963 Diversa
1123 2909 1225 2965 erunt

122 3000 263 3071 horum
276 2989 581 3085 Spectaculorum
599 3012 745 3083 genera.
799 2987 943 3059 Referri
960 3005 998 3059 et
1015 2990 1096 3063 huc
1106 2990 1223 3089 potest

124 3105 424 3171 Tuarutrttatst
443 3088 526 3159 Lib.
548 3088 593 3159 de
613 3090 724 3157 Cultu
743 3084 981 3183 seminarum.
1039 3096 1222 3193 Intelligit

123 3227 189 3298 per
208 3197 357 3267 Cultum
382 3208 559 3261 ornatum
585 3190 755 3284 corporis
779 3192 932 3285 eiusque
955 3195 1151 3287 partium,
1181 3219 1220 3267 tto

123 3301 244 3374 varias
261 3296 425 3369 rationes
444 3309 607 3377 enarrat,
636 3316 702 3362 cur
726 3289 888 3363 sentinae
911 3292 1024 3365 illum
1051 3296 1160 3369 haud
1175 3296 1220 3371 se·

124 3402 217 3479 ctari
241 3398 420 3478 debeant,
447 3394 533 3490 quia
563 3391 608 3465 de
632 3418 740 3464 carne
763 3394 936 3490 gloriari,
964 3398 1166 3473 neminem
1181 3400 1221 3471 li·

112 3526 226 3586 ·ceat;
255 3498 340 3595 quia
358 3496 431 3566 ida
447 3494 599 3569 sentinis
616 3493 892 3580 curandumfit,
915 3512 960 3566 ut
974 3495 1069 3571 solis
1079 3501 1219 3573 maritis

121 3611 294 3703 placeant
304 3626 314 3686 ;
351 3598 439 3695 quia
463 3603 547 3668 Deo
582 3596 800 3692 displiceant
831 3622 993 3691 euruque
1024 3604 1219 3696 reprehen-

121 3712 233 3791 dant,
261 3727 356 3799 quae
376 3716 500 3772 cutem
526 3698 808 3769 medicamentis
827 3718 991 3796 ungant,
1022 3726 1142 3799 genas
1163 3730 1217 3773 ru·

119 3810 212 3880 bore
235 3804 443 3884 maculent,
472 3802 606 3871 oculos
633 3798 794 3897 fuligine
812 3801 1020 3885 collinam,
1048 3806 1140 3899 quia
1157 3830 1216 3877 uu·

120 3912 223 3981 mine
242 3900 440 3979 christiano
457 3902 659 3999 iudignum
677 3901 740 3984 lit,
773 3901 897 3971 lictant
914 3902 1053 3974 sacient
1070 3904 1213 4003 gestare,

120 4011 258 4105 quibus
268 4006 481 4100 simplicitas
493 4004 617 4075 omnis
635 4000 921 4097 supraescripta,
940 4000 1106 4101 elligitur
1121 4032 1212 4079 meu·

118 4114 200 4199 tiri,
228 4127 419 4209 appetere,
454 4105 562 4204 quod
586 4104 718 4179 datum
742 4100 903 4177 nonsit.
957 4106 1081 4181 Addit
1106 4104 1212 4185 veluti
