<?xml version="1.0" encoding="UTF-8"?>
<!DOCTYPE html PUBLIC "-//W3C//DTD XHTML 1.0 Transitional//EN"
    "http://www.w3.org/TR/xhtml1/DTD/xhtml1-transitional.dtd">
<html xmlns="http://www.w3.org/1999/xhtml" xml:lang="en" lang="en">
 <head>
  <title>
</title>
<meta http-equiv="Content-Type" content="text/html;charset=utf-8" />
  <meta name='ocr-system' content='tesseract 3.04.00' />
  <meta name='ocr-capabilities' content='ocr_page ocr_carea ocr_par ocr_line ocrx_word'/>
</head>
<body>
  <div class='ocr_page' id='page_1' title='image "./iogeorgiiwalchi05walcgoog_0678.png"; bbox 0 0 2542 4724; ppageno 0'>
   <div class='ocr_carea' id='block_1_1' title="bbox 130 210 933 367">
    <p class='ocr_par' dir='ltr' id='par_1_1' title="bbox 130 210 933 367">
     <span class='ocr_line' id='line_1_1' title="bbox 130 210 933 367; baseline -0.021 -31"><span class='ocrx_word' id='word_1_1' title='bbox 130 210 257 337; x_wconf 75' lang='lat' dir='ltr'>eoa¹</span> <span class='ocrx_word' id='word_1_2' title='bbox 315 240 336 251; x_wconf 78' lang='grc'>’·</span> <span class='ocrx_word' id='word_1_3' title='bbox 443 248 597 325; x_wconf 63' lang='lat' dir='ltr'>era.</span> <span class='ocrx_word' id='word_1_4' title='bbox 630 244 819 367; x_wconf 75' lang='lat' dir='ltr'>xme</span> <span class='ocrx_word' id='word_1_5' title='bbox 849 246 933 322; x_wconf 77' lang='lat'>123.</span> 
     </span>
    </p>
   </div>
   <div class='ocr_carea' id='block_1_2' title="bbox 34 424 1226 3980">
    <p class='ocr_par' dir='ltr' id='par_1_2' title="bbox 61 424 1226 1947">
     <span class='ocr_line' id='line_1_2' title="bbox 129 424 1223 545; baseline -0.01 -27"><span class='ocrx_word' id='word_1_6' title='bbox 129 458 420 545; x_wconf 83' lang='lat' dir='ltr'>praeceptorum</span> <span class='ocrx_word' id='word_1_7' title='bbox 450 460 493 508; x_wconf 87' lang='lat' dir='ltr'>ao</span> <span class='ocrx_word' id='word_1_8' title='bbox 523 433 737 528; x_wconf 78' lang='lat' dir='ltr'>disciplinae</span> <span class='ocrx_word' id='word_1_9' title='bbox 766 433 955 506; x_wconf 86' lang='lat' dir='ltr'>rationem</span> <span class='ocrx_word' id='word_1_10' title='bbox 986 424 1223 531; x_wconf 74' lang='lat' dir='ltr'>exponenda,</span> 
     </span>
     <span class='ocr_line' id='line_1_3' title="bbox 129 535 1224 642; baseline -0.007 -25"><span class='ocrx_word' id='word_1_11' title='bbox 129 570 247 642; x_wconf 89' lang='lat' dir='ltr'>quam</span> <span class='ocrx_word' id='word_1_12' title='bbox 270 544 314 614; x_wconf 91' lang='lat' dir='ltr'>in</span> <span class='ocrx_word' id='word_1_13' title='bbox 339 539 491 638; x_wconf 75' lang='lat' dir='ltr'>singulis</span> <span class='ocrx_word' id='word_1_14' title='bbox 516 536 721 631; x_wconf 80' lang='lat' dir='ltr'>praeceptis</span> <span class='ocrx_word' id='word_1_15' title='bbox 749 535 936 606; x_wconf 82' lang='lat' dir='ltr'>tradendis</span> <span class='ocrx_word' id='word_1_16' title='bbox 955 555 992 608; x_wconf 91' lang='lat' dir='ltr'>et</span> <span class='ocrx_word' id='word_1_17' title='bbox 1007 563 1224 633; x_wconf 89' lang='lat' dir='ltr'>proponen-</span> 
     </span>
     <span class='ocr_line' id='line_1_4' title="bbox 94 636 1225 737; baseline -0.002 -24"><span class='ocrx_word' id='word_1_18' title='bbox 94 706 97 713; x_wconf 91' lang='lat'>.</span> <span class='ocrx_word' id='word_1_19' title='bbox 131 644 248 737; x_wconf 82' lang='lat' dir='ltr'>dis.*)</span> <span class='ocrx_word' id='word_1_20' title='bbox 301 648 478 715; x_wconf 86' lang='lat' dir='ltr'>Severum</span> <span class='ocrx_word' id='word_1_21' title='bbox 501 638 685 708; x_wconf 89' lang='lat' dir='ltr'>iudicium</span> <span class='ocrx_word' id='word_1_22' title='bbox 703 637 844 730; x_wconf 88' lang='lat' dir='ltr'>experti</span> <span class='ocrx_word' id='word_1_23' title='bbox 858 636 945 707; x_wconf 84' lang='lat' dir='ltr'>sunt</span> <span class='ocrx_word' id='word_1_24' title='bbox 959 638 1050 709; x_wconf 85' lang='lat' dir='ltr'><strong>libri</strong></span> <span class='ocrx_word' id='word_1_25' title='bbox 1073 640 1119 710; x_wconf 89' lang='lat' dir='ltr'>de</span> <span class='ocrx_word' id='word_1_26' title='bbox 1144 636 1225 711; x_wconf 87' lang='lat' dir='ltr'>Offi-</span> 
     </span>
     <span class='ocr_line' id='line_1_5' title="bbox 131 734 1226 841; baseline -0.009 -19"><span class='ocrx_word' id='word_1_27' title='bbox 131 750 198 822; x_wconf 85' lang='lat' dir='ltr'>ciis</span> <span class='ocrx_word' id='word_1_28' title='bbox 217 744 318 841; x_wconf 87' lang='lat' dir='ltr'>apud</span> <span class='ocrx_word' id='word_1_29' title='bbox 328 749 355 813; x_wconf 92' lang='lat'>1.</span> <span class='ocrx_word' id='word_1_30' title='bbox 365 747 499 812; x_wconf 80' lang='lat' dir='ltr'>Mrcu.</span> <span class='ocrx_word' id='word_1_31' title='bbox 509 744 737 809; x_wconf 68' lang='lat' dir='ltr'>Heruzruu</span> <span class='ocrx_word' id='word_1_32' title='bbox 754 738 795 809; x_wconf 91' lang='lat' dir='ltr'>in</span> <span class='ocrx_word' id='word_1_33' title='bbox 811 743 959 835; x_wconf 82' lang='lat' dir='ltr'>Progn.</span> <span class='ocrx_word' id='word_1_34' title='bbox 970 744 1017 808; x_wconf 91' lang='lat' dir='ltr'>II.</span> <span class='ocrx_word' id='word_1_35' title='bbox 1039 734 1226 839; x_wconf 75' lang='lat' dir='ltr'>Beschraei·</span> 
     </span>
     <span class='ocr_line' id='line_1_6' title="bbox 131 828 1224 947; baseline -0.007 -26"><span class='ocrx_word' id='word_1_36' title='bbox 131 848 236 947; x_wconf 76' lang='lat' dir='ltr'>burzg</span> <span class='ocrx_word' id='word_1_37' title='bbox 252 848 287 917; x_wconf 74' lang='lat' dir='ltr'>sl.</span> <span class='ocrx_word' id='word_1_38' title='bbox 303 841 449 913; x_wconf 73' lang='lat' dir='ltr'>Biicher</span> <span class='ocrx_word' id='word_1_39' title='bbox 464 842 500 913; x_wconf 85' lang='lat' dir='ltr'>d.</span> <span class='ocrx_word' id='word_1_40' title='bbox 520 839 601 909; x_wconf 71' lang='lat' dir='ltr'>teil.</span> <span class='ocrx_word' id='word_1_41' title='bbox 620 830 835 932; x_wconf 71' lang='lat' dir='ltr'>Ambroſsos</span> <span class='ocrx_word' id='word_1_42' title='bbox 849 838 895 909; x_wconf 83' lang='lat' dir='ltr'>de</span> <span class='ocrx_word' id='word_1_43' title='bbox 913 828 1072 931; x_wconf 83' lang='lat' dir='ltr'>Officiis,</span> <span class='ocrx_word' id='word_1_44' title='bbox 1100 842 1224 913; x_wconf 86' lang='lat' dir='ltr'>Vinar.</span> 
     </span>
     <span class='ocr_line' id='line_1_7' title="bbox 131 935 1225 1039; baseline -0.009 -15"><span class='ocrx_word' id='word_1_45' title='bbox 131 952 242 1025; x_wconf 79' lang='lat'><strong>1790.</strong></span> <span class='ocrx_word' id='word_1_46' title='bbox 268 946 305 1018; x_wconf 71' lang='grc'>4.</span> <span class='ocrx_word' id='word_1_47' title='bbox 354 938 650 1027; x_wconf 87' lang='lat' dir='ltr'>„Unbestimmte</span> <span class='ocrx_word' id='word_1_48' title='bbox 674 935 854 1039; x_wconf 82' lang='lat' dir='ltr'>Begriffe,</span> <span class='ocrx_word' id='word_1_49' title='bbox 880 939 1039 1012; x_wconf 85' lang='lat' dir='ltr'>unrecht</span> <span class='ocrx_word' id='word_1_50' title='bbox 1062 940 1225 1014; x_wconf 78' lang='lat' dir='ltr'>verstan·</span> 
     </span>
     <span class='ocr_line' id='line_1_8' title="bbox 133 1039 1224 1143; baseline -0.005 -21"><span class='ocrx_word' id='word_1_51' title='bbox 133 1052 227 1122; x_wconf 87' lang='lat' dir='ltr'>dene</span> <span class='ocrx_word' id='word_1_52' title='bbox 242 1055 376 1141; x_wconf 85' lang='lat' dir='ltr'>Worte</span> <span class='ocrx_word' id='word_1_53' title='bbox 401 1043 481 1112; x_wconf 91' lang='lat' dir='ltr'>und</span> <span class='ocrx_word' id='word_1_54' title='bbox 499 1042 782 1138; x_wconf 81' lang='lat' dir='ltr'>Erkla&#39;rungen,</span> <span class='ocrx_word' id='word_1_55' title='bbox 806 1039 990 1113; x_wconf 72' lang='lat' dir='ltr'>schluchte</span> <span class='ocrx_word' id='word_1_56' title='bbox 1009 1045 1224 1143; x_wconf 83' lang='lat' dir='ltr'>Auslegun·</span> 
     </span>
     <span class='ocr_line' id='line_1_9' title="bbox 131 1140 1224 1250; baseline -0.004 -28"><span class='ocrx_word' id='word_1_57' title='bbox 131 1177 204 1250; x_wconf 86' lang='lat' dir='ltr'>gen</span> <span class='ocrx_word' id='word_1_58' title='bbox 223 1151 286 1221; x_wconf 89' lang='lat' dir='ltr'>der</span> <span class='ocrx_word' id='word_1_59' title='bbox 305 1140 562 1218; x_wconf 86' lang='lat' dir='ltr'>Schriftsteller</span> <span class='ocrx_word' id='word_1_60' title='bbox 577 1147 620 1213; x_wconf 84' lang='lat' dir='ltr'>A.</span> <span class='ocrx_word' id='word_1_61' title='bbox 636 1169 672 1213; x_wconf 89' lang='lat' dir='ltr'>u.</span> <span class='ocrx_word' id='word_1_62' title='bbox 689 1149 735 1214; x_wconf 91' lang='lat' dir='ltr'>N.</span> <span class='ocrx_word' id='word_1_63' title='bbox 754 1149 818 1226; x_wconf 88' lang='grc' dir='ltr'>Τ.,</span> <span class='ocrx_word' id='word_1_64' title='bbox 848 1143 907 1213; x_wconf 88' lang='lat' dir='ltr'>die</span> <span class='ocrx_word' id='word_1_65' title='bbox 925 1145 1148 1241; x_wconf 82' lang='lat' dir='ltr'>gewaltsam</span> <span class='ocrx_word' id='word_1_66' title='bbox 1164 1171 1224 1218; x_wconf 90' lang='lat' dir='ltr'>an·</span> 
     </span>
     <span class='ocr_line' id='line_1_10' title="bbox 131 1243 1223 1351; baseline -0.003 -28"><span class='ocrx_word' id='word_1_67' title='bbox 131 1275 303 1351; x_wconf 85' lang='lat' dir='ltr'>gezogen</span> <span class='ocrx_word' id='word_1_68' title='bbox 330 1245 504 1328; x_wconf 79' lang='lat' dir='ltr'><strong>werden,</strong></span> <span class='ocrx_word' id='word_1_69' title='bbox 541 1243 620 1313; x_wconf 88' lang='lat' dir='ltr'>und</span> <span class='ocrx_word' id='word_1_70' title='bbox 643 1245 767 1315; x_wconf 88' lang='lat' dir='ltr'>nichts</span> <span class='ocrx_word' id='word_1_71' title='bbox 792 1244 997 1327; x_wconf 80' lang='lat' dir='ltr'>beweil&#39;en,</span> <span class='ocrx_word' id='word_1_72' title='bbox 1026 1246 1223 1319; x_wconf 80' lang='lat' dir='ltr'>unschick·</span> 
     </span>
     <span class='ocr_line' id='line_1_11' title="bbox 127 1345 1223 1447; baseline -0.007 -20"><span class='ocrx_word' id='word_1_73' title='bbox 127 1356 227 1427; x_wconf 89' lang='lat' dir='ltr'>liche</span> <span class='ocrx_word' id='word_1_74' title='bbox 250 1349 449 1442; x_wconf 82' lang='lat' dir='ltr'>Exempel,</span> <span class='ocrx_word' id='word_1_75' title='bbox 475 1345 841 1441; x_wconf 85' lang='lat' dir='ltr'>Wiederholungen,</span> <span class='ocrx_word' id='word_1_76' title='bbox 877 1347 1124 1447; x_wconf 87' lang='lat' dir='ltr'>Unordnung</span> <span class='ocrx_word' id='word_1_77' title='bbox 1148 1348 1223 1421; x_wconf 89' lang='lat' dir='ltr'>und</span> 
     </span>
     <span class='ocr_line' id='line_1_12' title="bbox 129 1446 1221 1547; baseline -0.005 -20"><span class='ocrx_word' id='word_1_78' title='bbox 129 1450 421 1547; x_wconf 83' lang='lat' dir='ltr'>Verwirrungin</span> <span class='ocrx_word' id='word_1_79' title='bbox 433 1446 505 1517; x_wconf 88' lang='lat' dir='ltr'>den</span> <span class='ocrx_word' id='word_1_80' title='bbox 516 1446 811 1542; x_wconf 85' lang='lat' dir='ltr'>abgehaudelten</span> <span class='ocrx_word' id='word_1_81' title='bbox 824 1448 1019 1533; x_wconf 80' lang='lat' dir='ltr'>Materien,</span> <span class='ocrx_word' id='word_1_82' title='bbox 1039 1449 1221 1522; x_wconf 82' lang='lat' dir='ltr'>schlechte</span> 
     </span>
     <span class='ocr_line' id='line_1_13' title="bbox 61 1546 1222 1651; baseline -0.003 -24"><span class='ocrx_word' id='word_1_83' title='bbox 61 1552 65 1565; x_wconf 80' lang='lat'>&#39;</span> <span class='ocrx_word' id='word_1_84' title='bbox 129 1556 373 1651; x_wconf 70' lang='lat' dir='ltr'>Ueber‘giinge</span> <span class='ocrx_word' id='word_1_85' title='bbox 394 1572 473 1618; x_wconf 89' lang='lat' dir='ltr'>von</span> <span class='ocrx_word' id='word_1_86' title='bbox 491 1546 590 1617; x_wconf 83' lang='lat' dir='ltr'>einer</span> <span class='ocrx_word' id='word_1_87' title='bbox 609 1571 677 1618; x_wconf 91' lang='lat' dir='ltr'>zur</span> <span class='ocrx_word' id='word_1_88' title='bbox 694 1549 853 1633; x_wconf 82' lang='lat' dir='ltr'>andern,</span> <span class='ocrx_word' id='word_1_89' title='bbox 879 1548 1134 1648; x_wconf 75' lang='lat' dir='ltr'>weitlduftige</span> <span class='ocrx_word' id='word_1_90' title='bbox 1151 1553 1222 1624; x_wconf 84' lang='lat' dir='ltr'>Ab·</span> 
     </span>
     <span class='ocr_line' id='line_1_14' title="bbox 129 1645 1221 1749; baseline -0.003 -20"><span class='ocrx_word' id='word_1_91' title='bbox 129 1654 412 1748; x_wconf 82' lang='lat' dir='ltr'>schweifungen</span> <span class='ocrx_word' id='word_1_92' title='bbox 430 1645 499 1718; x_wconf 84' lang='lat' dir='ltr'>auf</span> <span class='ocrx_word' id='word_1_93' title='bbox 519 1649 728 1749; x_wconf 73' lang='lat' dir='ltr'>unnothige</span> <span class='ocrx_word' id='word_1_94' title='bbox 744 1648 889 1747; x_wconf 82' lang='lat' dir='ltr'>Dioge,</span> <span class='ocrx_word' id='word_1_95' title='bbox 915 1650 1044 1721; x_wconf 86' lang='lat' dir='ltr'>wobei</span> <span class='ocrx_word' id='word_1_96' title='bbox 1062 1652 1137 1723; x_wconf 89' lang='lat' dir='ltr'>den</span> <span class='ocrx_word' id='word_1_97' title='bbox 1152 1659 1221 1726; x_wconf 87' lang='lat' dir='ltr'>Le·</span> 
     </span>
     <span class='ocr_line' id='line_1_15' title="bbox 129 1749 1217 1837; baseline -0.004 -8"><span class='ocrx_word' id='word_1_98' title='bbox 129 1758 185 1829; x_wconf 84' lang='lat' dir='ltr'>ser</span> <span class='ocrx_word' id='word_1_99' title='bbox 207 1757 265 1827; x_wconf 85' lang='lat' dir='ltr'>die</span> <span class='ocrx_word' id='word_1_100' title='bbox 292 1749 439 1824; x_wconf 89' lang='lat' dir='ltr'>Geduld</span> <span class='ocrx_word' id='word_1_101' title='bbox 461 1749 634 1835; x_wconf 72' lang='lat' dir='ltr'>verlaisst,</span> <span class='ocrx_word' id='word_1_102' title='bbox 669 1750 749 1821; x_wconf 90' lang='lat' dir='ltr'>und</span> <span class='ocrx_word' id='word_1_103' title='bbox 771 1752 894 1823; x_wconf 90' lang='lat' dir='ltr'>nichts</span> <span class='ocrx_word' id='word_1_104' title='bbox 918 1752 1217 1837; x_wconf 82' lang='lat' dir='ltr'>herauskommt,</span> 
     </span>
     <span class='ocr_line' id='line_1_16' title="bbox 128 1850 1219 1947; baseline -0.005 -14"><span class='ocrx_word' id='word_1_105' title='bbox 128 1858 311 1933; x_wconf 82' lang='lat' dir='ltr'>wechseln</span> <span class='ocrx_word' id='word_1_106' title='bbox 331 1851 449 1922; x_wconf 89' lang='lat' dir='ltr'><strong>durch</strong></span> <span class='ocrx_word' id='word_1_107' title='bbox 466 1851 530 1922; x_wconf 89' lang='lat' dir='ltr'>das</span> <span class='ocrx_word' id='word_1_108' title='bbox 541 1876 658 1947; x_wconf 79' lang='lat' dir='ltr'>ganzo</span> <span class='ocrx_word' id='word_1_109' title='bbox 667 1853 783 1923; x_wconf 82' lang='lat' dir='ltr'>Werk</span> <span class='ocrx_word' id='word_1_110' title='bbox 794 1850 853 1923; x_wconf 87' lang='lat' dir='ltr'>oft</span> <span class='ocrx_word' id='word_1_111' title='bbox 862 1852 932 1933; x_wconf 81' lang='lat' dir='ltr'>mit</span> <span class='ocrx_word' id='word_1_112' title='bbox 948 1853 1219 1927; x_wconf 86' lang='lat' dir='ltr'>einanderab.“</span> 
     </span>
    </p>

    <p class='ocr_par' dir='ltr' id='par_1_3' title="bbox 34 1940 1220 3980">
     <span class='ocr_line' id='line_1_17' title="bbox 230 1940 1219 2048; baseline -0.003 -18"><span class='ocrx_word' id='word_1_113' title='bbox 230 1965 493 2031; x_wconf 73' lang='lat' dir='ltr'>Hmnouaurt</span> <span class='ocrx_word' id='word_1_114' title='bbox 517 1940 708 2047; x_wconf 74' lang='lat' dir='ltr'>Epistolae</span> <span class='ocrx_word' id='word_1_115' title='bbox 732 1955 897 2048; x_wconf 86' lang='lat' dir='ltr'>aliaeque</span> <span class='ocrx_word' id='word_1_116' title='bbox 921 1956 1219 2027; x_wconf 84' lang='lat' dir='ltr'>Commentatio-</span> 
     </span>
     <span class='ocr_line' id='line_1_18' title="bbox 125 2048 1218 2151; baseline -0.006 -16"><span class='ocrx_word' id='word_1_117' title='bbox 125 2087 214 2135; x_wconf 85' lang='lat' dir='ltr'>nes·:</span> <span class='ocrx_word' id='word_1_118' title='bbox 243 2060 288 2131; x_wconf 89' lang='lat' dir='ltr'>de</span> <span class='ocrx_word' id='word_1_119' title='bbox 310 2060 391 2128; x_wconf 82' lang='lat' dir='ltr'>vita</span> <span class='ocrx_word' id='word_1_120' title='bbox 408 2055 632 2124; x_wconf 82' lang='lat' dir='ltr'>Clericorum</span> <span class='ocrx_word' id='word_1_121' title='bbox 656 2055 707 2124; x_wconf 85' lang='lat' dir='ltr'>ad</span> <span class='ocrx_word' id='word_1_122' title='bbox 727 2057 1006 2149; x_wconf 62' lang='lat' dir='ltr'>Nepotianum</span> <span class='ocrx_word' id='word_1_123' title='bbox 1031 2048 1218 2151; x_wconf 68' lang='lat' dir='ltr'>Institutio</span> 
     </span>
     <span class='ocr_line' id='line_1_19' title="bbox 115 2143 1220 2255; baseline -0.005 -20"><span class='ocrx_word' id='word_1_124' title='bbox 115 2158 313 2249; x_wconf 66' lang='lat' dir='ltr'>&#39;Monochi</span> <span class='ocrx_word' id='word_1_125' title='bbox 330 2158 380 2228; x_wconf 86' lang='lat' dir='ltr'>ad</span> <span class='ocrx_word' id='word_1_126' title='bbox 396 2145 598 2250; x_wconf 52' lang='lat' dir='ltr'>Rusticana</span> <span class='ocrx_word' id='word_1_127' title='bbox 628 2154 673 2224; x_wconf 87' lang='lat' dir='ltr'>de</span> <span class='ocrx_word' id='word_1_128' title='bbox 688 2143 968 2255; x_wconf 66' lang='lat' dir='ltr'>Moizogamim</span> <span class='ocrx_word' id='word_1_129' title='bbox 992 2157 1039 2227; x_wconf 88' lang='lat' dir='ltr'>de</span> <span class='ocrx_word' id='word_1_130' title='bbox 1056 2150 1220 2251; x_wconf 81' lang='lat' dir='ltr'>custodio</span> 
     </span>
     <span class='ocr_line' id='line_1_20' title="bbox 131 2252 1219 2362; baseline -0.002 -27"><span class='ocrx_word' id='word_1_131' title='bbox 131 2271 175 2341; x_wconf 91' lang='lat' dir='ltr'><em>V</em></span> <span class='ocrx_word' id='word_1_132' title='bbox 174 2262 375 2362; x_wconf 81' lang='lat' dir='ltr'>irginitatis</span> <span class='ocrx_word' id='word_1_133' title='bbox 400 2260 451 2327; x_wconf 84' lang='lat' dir='ltr'>ad</span> <span class='ocrx_word' id='word_1_134' title='bbox 475 2256 753 2326; x_wconf 82' lang='lat' dir='ltr'>Demetriadem</span> <span class='ocrx_word' id='word_1_135' title='bbox 761 2282 778 2335; x_wconf 92' lang='lat'><em>;</em></span> <span class='ocrx_word' id='word_1_136' title='bbox 809 2258 855 2328; x_wconf 90' lang='lat' dir='ltr'>de</span> <span class='ocrx_word' id='word_1_137' title='bbox 872 2252 1061 2354; x_wconf 82' lang='lat' dir='ltr'>seruanda</span> <span class='ocrx_word' id='word_1_138' title='bbox 1088 2264 1135 2329; x_wconf 95' lang='lat' dir='ltr'><em>V</em></span> <span class='ocrx_word' id='word_1_139' title='bbox 1131 2262 1219 2333; x_wconf 68' lang='lat' dir='ltr'>idua·-</span> 
     </span>
     <span class='ocr_line' id='line_1_21' title="bbox 128 2357 1219 2440; baseline -0.002 -4"><span class='ocrx_word' id='word_1_140' title='bbox 128 2382 209 2440; x_wconf 84' lang='lat' dir='ltr'><em>tate</em></span> <span class='ocrx_word' id='word_1_141' title='bbox 227 2365 277 2434; x_wconf 85' lang='lat' dir='ltr'>ad</span> <span class='ocrx_word' id='word_1_142' title='bbox 291 2361 486 2433; x_wconf 81' lang='lat' dir='ltr'>Saluinam</span> <span class='ocrx_word' id='word_1_143' title='bbox 496 2383 512 2436; x_wconf 87' lang='lat'>,·</span> <span class='ocrx_word' id='word_1_144' title='bbox 539 2358 649 2431; x_wconf 84' lang='lat' dir='ltr'>item:</span> <span class='ocrx_word' id='word_1_145' title='bbox 674 2357 900 2429; x_wconf 78' lang='lat' dir='ltr'><strong><em>Exhortatio</em></strong></span> <span class='ocrx_word' id='word_1_146' title='bbox 925 2360 969 2428; x_wconf 84' lang='lat' dir='ltr'>de</span> <span class='ocrx_word' id='word_1_147' title='bbox 993 2360 1109 2432; x_wconf 81' lang='lat' dir='ltr'>laude</span> <span class='ocrx_word' id='word_1_148' title='bbox 1123 2367 1219 2434; x_wconf 82' lang='lat' dir='ltr'>vitoe</span> 
     </span>
     <span class='ocr_line' id='line_1_22' title="bbox 60 2454 1217 2571; baseline -0.006 -31"><span class='ocrx_word' id='word_1_149' title='bbox 60 2472 63 2481; x_wconf 89' lang='lat'>&#39;</span> <span class='ocrx_word' id='word_1_150' title='bbox 122 2465 312 2571; x_wconf 69' lang='lat' dir='ltr'>solitariae</span> <span class='ocrx_word' id='word_1_151' title='bbox 330 2464 380 2533; x_wconf 85' lang='lat' dir='ltr'>ad</span> <span class='ocrx_word' id='word_1_152' title='bbox 388 2461 633 2530; x_wconf 81' lang='lat' dir='ltr'>Heliodorum</span> <span class='ocrx_word' id='word_1_153' title='bbox 639 2485 656 2537; x_wconf 87' lang='lat'>,·</span> <span class='ocrx_word' id='word_1_154' title='bbox 670 2462 852 2532; x_wconf 84' lang='lat' dir='ltr'>Invitatio</span> <span class='ocrx_word' id='word_1_155' title='bbox 871 2454 1217 2560; x_wconf 69' lang='lat' dir='ltr'>adsecrffumBetlr·</span> 
     </span>
     <span class='ocr_line' id='line_1_23' title="bbox 123 2561 1216 2658; baseline -0.004 -16"><span class='ocrx_word' id='word_1_156' title='bbox 123 2569 369 2643; x_wconf 83' lang='lat' dir='ltr'>lehemr&#39;ticum</span> <span class='ocrx_word' id='word_1_157' title='bbox 388 2562 439 2632; x_wconf 81' lang='lat' dir='ltr'>od</span> <span class='ocrx_word' id='word_1_158' title='bbox 454 2561 698 2644; x_wconf 82' lang='lat' dir='ltr'>Marcellum,</span> <span class='ocrx_word' id='word_1_159' title='bbox 720 2578 831 2655; x_wconf 88' lang='lat' dir='ltr'>atque</span> <span class='ocrx_word' id='word_1_160' title='bbox 848 2562 917 2632; x_wconf 85' lang='lat' dir='ltr'>alia</span> <span class='ocrx_word' id='word_1_161' title='bbox 935 2565 1087 2658; x_wconf 84' lang='lat' dir='ltr'>generis</span> <span class='ocrx_word' id='word_1_162' title='bbox 1106 2566 1216 2638; x_wconf 74' lang='lat' dir='ltr'>huius</span> 
     </span>
     <span class='ocr_line' id='line_1_24' title="bbox 123 2659 1216 2765; baseline -0.005 -21"><span class='ocrx_word' id='word_1_163' title='bbox 123 2672 276 2765; x_wconf 87' lang='lat' dir='ltr'>scripta,</span> <span class='ocrx_word' id='word_1_164' title='bbox 297 2691 392 2761; x_wconf 85' lang='lat' dir='ltr'>quae</span> <span class='ocrx_word' id='word_1_165' title='bbox 409 2670 534 2734; x_wconf 84' lang='lat' dir='ltr'>tamen</span> <span class='ocrx_word' id='word_1_166' title='bbox 551 2687 683 2756; x_wconf 89' lang='lat' dir='ltr'>parum</span> <span class='ocrx_word' id='word_1_167' title='bbox 699 2662 832 2733; x_wconf 87' lang='lat' dir='ltr'>iuvant</span> <span class='ocrx_word' id='word_1_168' title='bbox 846 2659 963 2735; x_wconf 81' lang='lat' dir='ltr'>studia</span> <span class='ocrx_word' id='word_1_169' title='bbox 981 2689 1092 2737; x_wconf 83' lang='lat' dir='ltr'>verae</span> <span class='ocrx_word' id='word_1_170' title='bbox 1112 2668 1216 2739; x_wconf 86' lang='lat' dir='ltr'>theo·</span> 
     </span>
     <span class='ocr_line' id='line_1_25' title="bbox 120 2763 1216 2870; baseline -0.007 -28"><span class='ocrx_word' id='word_1_171' title='bbox 120 2774 247 2870; x_wconf 84' lang='lat' dir='ltr'>legiae</span> <span class='ocrx_word' id='word_1_172' title='bbox 270 2766 435 2838; x_wconf 88' lang='lat' dir='ltr'>moralis.</span> <span class='ocrx_word' id='word_1_173' title='bbox 491 2763 705 2836; x_wconf 79' lang='lat' dir='ltr'>Solitariam</span> <span class='ocrx_word' id='word_1_174' title='bbox 730 2764 848 2834; x_wconf 82' lang='lat' dir='ltr'>vitam</span> <span class='ocrx_word' id='word_1_175' title='bbox 871 2765 1138 2857; x_wconf 83' lang='lat' dir='ltr'>Hieronymus</span> <span class='ocrx_word' id='word_1_176' title='bbox 1162 2767 1216 2839; x_wconf 86' lang='lat' dir='ltr'>ni·</span> 
     </span>
     <span class='ocr_line' id='line_1_26' title="bbox 120 2864 1215 2963; baseline -0.004 -18"><span class='ocrx_word' id='word_1_177' title='bbox 120 2876 194 2950; x_wconf 79' lang='lat' dir='ltr'>anis</span> <span class='ocrx_word' id='word_1_178' title='bbox 215 2866 457 2943; x_wconf 84' lang='lat' dir='ltr'><strong>commendat</strong></span> <span class='ocrx_word' id='word_1_179' title='bbox 474 2883 585 2962; x_wconf 88' lang='lat' dir='ltr'>atque</span> <span class='ocrx_word' id='word_1_180' title='bbox 606 2865 646 2934; x_wconf 89' lang='lat' dir='ltr'>in</span> <span class='ocrx_word' id='word_1_181' title='bbox 670 2864 959 2936; x_wconf 83' lang='lat' dir='ltr'>matrimonium</span> <span class='ocrx_word' id='word_1_182' title='bbox 978 2866 1161 2963; x_wconf 90' lang='lat' dir='ltr'>iniquum</span> <span class='ocrx_word' id='word_1_183' title='bbox 1181 2868 1215 2941; x_wconf 87' lang='grc' dir='ltr'><strong>Ιό</strong></span> 
     </span>
     <span class='ocr_line' id='line_1_27' title="bbox 120 2964 1214 3073; baseline -0.004 -27"><span class='ocrx_word' id='word_1_184' title='bbox 120 2970 312 3073; x_wconf 84' lang='lat' dir='ltr'>praebet.&#39;</span> <span class='ocrx_word' id='word_1_185' title='bbox 347 2975 475 3064; x_wconf 88' lang='lat' dir='ltr'>Quum</span> <span class='ocrx_word' id='word_1_186' title='bbox 500 2968 575 3062; x_wconf 86' lang='lat' dir='ltr'>ipse</span> <span class='ocrx_word' id='word_1_187' title='bbox 598 2964 745 3039; x_wconf 84' lang='lat' dir='ltr'>fervido</span> <span class='ocrx_word' id='word_1_188' title='bbox 775 2991 818 3036; x_wconf 88' lang='lat' dir='ltr'>ao</span> <span class='ocrx_word' id='word_1_189' title='bbox 841 2967 1032 3039; x_wconf 81' lang='lat' dir='ltr'>concitato</span> <span class='ocrx_word' id='word_1_190' title='bbox 1057 2970 1214 3069; x_wconf 84' lang='lat' dir='ltr'>ingenio</span> 
     </span>
     <span class='ocr_line' id='line_1_28' title="bbox 124 3065 1214 3166; baseline -0.003 -18"><span class='ocrx_word' id='word_1_191' title='bbox 124 3077 329 3166; x_wconf 83' lang='lat' dir='ltr'>animoque</span> <span class='ocrx_word' id='word_1_192' title='bbox 347 3069 451 3151; x_wconf 80' lang='lat' dir='ltr'>essot,&#39;</span> <span class='ocrx_word' id='word_1_193' title='bbox 473 3071 596 3141; x_wconf 86' lang='lat' dir='ltr'>omnis</span> <span class='ocrx_word' id='word_1_194' title='bbox 615 3065 691 3137; x_wconf 85' lang='lat' dir='ltr'>fere</span> <span class='ocrx_word' id='word_1_195' title='bbox 706 3068 976 3140; x_wconf 84' lang='lat' dir='ltr'>moderationis</span> <span class='ocrx_word' id='word_1_196' title='bbox 993 3070 1141 3145; x_wconf 86' lang='lat' dir='ltr'>oblitus</span> <span class='ocrx_word' id='word_1_197' title='bbox 1158 3068 1214 3157; x_wconf 84' lang='lat' dir='ltr'>est,</span> 
     </span>
     <span class='ocr_line' id='line_1_29' title="bbox 121 3167 1213 3269; baseline -0.006 -17"><span class='ocrx_word' id='word_1_198' title='bbox 121 3175 346 3269; x_wconf 79' lang='lat' dir='ltr'>effectuique</span> <span class='ocrx_word' id='word_1_199' title='bbox 368 3170 472 3267; x_wconf 83' lang='lat' dir='ltr'>saepe</span> <span class='ocrx_word' id='word_1_200' title='bbox 497 3170 549 3240; x_wconf 85' lang='lat' dir='ltr'>ita</span> <span class='ocrx_word' id='word_1_201' title='bbox 566 3167 731 3251; x_wconf 75' lang='lat' dir='ltr'>indulsit,</span> <span class='ocrx_word' id='word_1_202' title='bbox 758 3186 802 3239; x_wconf 93' lang='lat' dir='ltr'>ut</span> <span class='ocrx_word' id='word_1_203' title='bbox 817 3195 939 3264; x_wconf 90' lang='lat' dir='ltr'>neque</span> <span class='ocrx_word' id='word_1_204' title='bbox 960 3190 1084 3244; x_wconf 90' lang='lat' dir='ltr'>rectae</span> <span class='ocrx_word' id='word_1_205' title='bbox 1100 3175 1213 3245; x_wconf 89' lang='lat' dir='ltr'>ratio·</span> 
     </span>
     <span class='ocr_line' id='line_1_30' title="bbox 118 3271 1213 3370; baseline -0.006 -18"><span class='ocrx_word' id='word_1_206' title='bbox 118 3281 200 3362; x_wconf 86' lang='lat' dir='ltr'>nis,</span> <span class='ocrx_word' id='word_1_207' title='bbox 233 3298 356 3370; x_wconf 88' lang='lat' dir='ltr'>neque</span> <span class='ocrx_word' id='word_1_208' title='bbox 380 3275 589 3368; x_wconf 75' lang='lat' dir='ltr'>scripturae</span> <span class='ocrx_word' id='word_1_209' title='bbox 616 3275 650 3341; x_wconf 90' lang='lat' dir='ltr'>S.</span> <span class='ocrx_word' id='word_1_210' title='bbox 678 3295 853 3341; x_wconf 87' lang='lat' dir='ltr'>normam</span> <span class='ocrx_word' id='word_1_211' title='bbox 878 3297 1085 3367; x_wconf 86' lang='lat' dir='ltr'>earumque</span> <span class='ocrx_word' id='word_1_212' title='bbox 1109 3271 1213 3347; x_wconf 80' lang='lat' dir='ltr'>effata</span> 
     </span>
     <span class='ocr_line' id='line_1_31' title="bbox 34 3371 1211 3476; baseline -0.003 -23"><span class='ocrx_word' id='word_1_213' title='bbox 34 3394 43 3419; x_wconf 79' lang='lat'>⁸</span> <span class='ocrx_word' id='word_1_214' title='bbox 118 3382 342 3476; x_wconf 79' lang='lat' dir='ltr'>sequeretur.</span> <span class='ocrx_word' id='word_1_215' title='bbox 396 3381 499 3471; x_wconf 78' lang='lat' dir='ltr'>Quae</span> <span class='ocrx_word' id='word_1_216' title='bbox 520 3371 637 3443; x_wconf 88' lang='lat' dir='ltr'>animi</span> <span class='ocrx_word' id='word_1_217' title='bbox 652 3372 886 3442; x_wconf 88' lang='lat' dir='ltr'>vehementia</span> <span class='ocrx_word' id='word_1_218' title='bbox 903 3375 943 3442; x_wconf 90' lang='lat' dir='ltr'>in</span> <span class='ocrx_word' id='word_1_219' title='bbox 961 3372 1083 3446; x_wconf 79' lang='lat' dir='ltr'>cauffo</span> <span class='ocrx_word' id='word_1_220' title='bbox 1102 3379 1211 3449; x_wconf 79' lang='lat' dir='ltr'>etiam</span> 
     </span>
     <span class='ocr_line' id='line_1_32' title="bbox 121 3472 1211 3575; baseline -0.004 -24"><span class='ocrx_word' id='word_1_221' title='bbox 121 3478 191 3566; x_wconf 78' lang='lat' dir='ltr'>est,</span> <span class='ocrx_word' id='word_1_222' title='bbox 226 3478 331 3575; x_wconf 86' lang='lat' dir='ltr'>quod</span> <span class='ocrx_word' id='word_1_223' title='bbox 355 3477 395 3545; x_wconf 91' lang='lat' dir='ltr'>in</span> <span class='ocrx_word' id='word_1_224' title='bbox 420 3500 570 3547; x_wconf 87' lang='lat' dir='ltr'>morum</span> <span class='ocrx_word' id='word_1_225' title='bbox 599 3473 769 3543; x_wconf 86' lang='lat' dir='ltr'>doctrina</span> <span class='ocrx_word' id='word_1_226' title='bbox 797 3472 951 3544; x_wconf 81' lang='lat' dir='ltr'>absurda</span> <span class='ocrx_word' id='word_1_227' title='bbox 978 3474 1066 3547; x_wconf 83' lang='lat' dir='ltr'>satis</span> <span class='ocrx_word' id='word_1_228' title='bbox 1096 3480 1211 3549; x_wconf 82' lang='lat' dir='ltr'>multe</span> 
     </span>
     <span class='ocr_line' id='line_1_33' title="bbox 119 3569 1211 3675; baseline -0.001 -25"><span class='ocrx_word' id='word_1_229' title='bbox 119 3581 296 3675; x_wconf 83' lang='lat' dir='ltr'>proferat.</span> <span class='ocrx_word' id='word_1_230' title='bbox 358 3578 464 3672; x_wconf 84' lang='lat' dir='ltr'>Quae</span> <span class='ocrx_word' id='word_1_231' title='bbox 487 3582 546 3647; x_wconf 92' lang='lat' dir='ltr'>Io.</span> <span class='ocrx_word' id='word_1_232' title='bbox 566 3580 799 3657; x_wconf 59' lang='lat' dir='ltr'>Danoanus</span> <span class='ocrx_word' id='word_1_233' title='bbox 825 3574 870 3645; x_wconf 90' lang='lat' dir='ltr'>de</span> <span class='ocrx_word' id='word_1_234' title='bbox 896 3576 941 3644; x_wconf 84' lang='lat' dir='ltr'>de</span> <span class='ocrx_word' id='word_1_235' title='bbox 966 3569 1032 3671; x_wconf 82' lang='lat' dir='ltr'>usu</span> <span class='ocrx_word' id='word_1_236' title='bbox 1053 3580 1211 3649; x_wconf 75' lang='lat' dir='ltr'>Petrum</span> 
     </span>
     <span class='ocr_line' id='line_1_34' title="bbox 118 3675 1210 3773; baseline -0.001 -23"><span class='ocrx_word' id='word_1_237' title='bbox 118 3682 202 3757; x_wconf 90' lang='lat' dir='ltr'>Lib.</span> <span class='ocrx_word' id='word_1_238' title='bbox 223 3681 255 3750; x_wconf 89' lang='lat'>1.</span> <span class='ocrx_word' id='word_1_239' title='bbox 281 3685 367 3773; x_wconf 87' lang='lat' dir='ltr'>Cap.</span> <span class='ocrx_word' id='word_1_240' title='bbox 386 3684 420 3747; x_wconf 74' lang='grc'>8.</span> <span class='ocrx_word' id='word_1_241' title='bbox 448 3704 483 3772; x_wconf 93' lang='lat' dir='ltr'>p.</span> <span class='ocrx_word' id='word_1_242' title='bbox 504 3679 584 3749; x_wconf 72' lang='lat'><strong>177.</strong></span> <span class='ocrx_word' id='word_1_243' title='bbox 605 3675 650 3747; x_wconf 85' lang='lat' dir='ltr'>de</span> <span class='ocrx_word' id='word_1_244' title='bbox 668 3700 711 3746; x_wconf 89' lang='lat' dir='ltr'>eo</span> <span class='ocrx_word' id='word_1_245' title='bbox 735 3701 777 3745; x_wconf 89' lang='lat' dir='ltr'>ac</span> <span class='ocrx_word' id='word_1_246' title='bbox 798 3675 1027 3769; x_wconf 88' lang='lat' dir='ltr'>quibusdam</span> <span class='ocrx_word' id='word_1_247' title='bbox 1049 3680 1135 3751; x_wconf 85' lang='lat' dir='ltr'>aliis</span> <span class='ocrx_word' id='word_1_248' title='bbox 1149 3685 1210 3751; x_wconf 76' lang='lat' dir='ltr'>Pa·</span> 
     </span>
     <span class='ocr_line' id='line_1_35' title="bbox 116 3776 1207 3874; baseline -0.002 -21"><span class='ocrx_word' id='word_1_249' title='bbox 116 3781 238 3854; x_wconf 84' lang='lat' dir='ltr'>tribus</span> <span class='ocrx_word' id='word_1_250' title='bbox 256 3776 497 3874; x_wconf 84' lang='lat' dir='ltr'>pronuntiat,</span> <span class='ocrx_word' id='word_1_251' title='bbox 526 3802 566 3849; x_wconf 85' lang='lat' dir='ltr'>ea</span> <span class='ocrx_word' id='word_1_252' title='bbox 582 3802 662 3846; x_wconf 91' lang='lat' dir='ltr'>non</span> <span class='ocrx_word' id='word_1_253' title='bbox 679 3777 828 3870; x_wconf 86' lang='lat' dir='ltr'>ponitus</span> <span class='ocrx_word' id='word_1_254' title='bbox 844 3776 1098 3871; x_wconf 84' lang='lat' dir='ltr'>improbanda</span> <span class='ocrx_word' id='word_1_255' title='bbox 1117 3780 1207 3859; x_wconf 82' lang='lat' dir='ltr'>sunt.</span> 
     </span>
     <span class='ocr_line' id='line_1_36' title="bbox 117 3874 1208 3980; baseline -0.003 -26"><span class='ocrx_word' id='word_1_256' title='bbox 117 3882 271 3980; x_wconf 85' lang='lat' dir='ltr'>quando</span> <span class='ocrx_word' id='word_1_257' title='bbox 294 3874 359 3951; x_wconf 83' lang='lat' dir='ltr'>iste</span> <span class='ocrx_word' id='word_1_258' title='bbox 383 3880 524 3951; x_wconf 84' lang='lat' dir='ltr'>scribit:</span> <span class='ocrx_word' id='word_1_259' title='bbox 552 3880 626 3950; x_wconf 82' lang='lat' dir='ltr'>Hic</span> <span class='ocrx_word' id='word_1_260' title='bbox 648 3902 729 3949; x_wconf 87' lang='lat' dir='ltr'>mos</span> <span class='ocrx_word' id='word_1_261' title='bbox 755 3878 858 3972; x_wconf 74' lang='lat' dir='ltr'>apttd</span> <span class='ocrx_word' id='word_1_262' title='bbox 880 3881 1015 3950; x_wconf 82' lang='lat' dir='ltr'>Patres</span> <span class='ocrx_word' id='word_1_263' title='bbox 1036 3880 1208 3977; x_wconf 79' lang='lat' dir='ltr'>frequens</span> 
     </span>
    </p>
   </div>
   <div class='ocr_carea' id='block_1_3' title="bbox 115 4038 327 4059">
    <p class='ocr_par' dir='ltr' id='par_1_4' title="bbox 115 4038 327 4059">
     <span class='ocr_line' id='line_1_37' title="bbox 115 4038 327 4059; baseline 0 -10"><span class='ocrx_word' id='word_1_264' title='bbox 115 4038 327 4059; x_wconf 50' lang='grc' dir='ltr'>μ...-</span> 
     </span>
    </p>
   </div>
   <div class='ocr_carea' id='block_1_4' title="bbox 150 4104 599 4180">
    <p class='ocr_par' dir='ltr' id='par_1_5' title="bbox 150 4104 599 4180">
     <span class='ocr_line' id='line_1_38' title="bbox 150 4104 599 4180; baseline -0.011 -15"><span class='ocrx_word' id='word_1_265' title='bbox 150 4112 176 4180; x_wconf 83' lang='lat'>⁰)</span> <span class='ocrx_word' id='word_1_266' title='bbox 192 4106 343 4165; x_wconf 68' lang='lat' dir='ltr'>St&#39;t&#39;untnr</span> <span class='ocrx_word' id='word_1_267' title='bbox 360 4104 381 4164; x_wconf 87' lang='lat' dir='ltr'>l.</span> <span class='ocrx_word' id='word_1_268' title='bbox 400 4126 423 4163; x_wconf 84' lang='lat' dir='ltr'>e.</span> <span class='ocrx_word' id='word_1_269' title='bbox 441 4104 493 4172; x_wconf 81' lang='lat'>111,</span> <span class='ocrx_word' id='word_1_270' title='bbox 512 4112 554 4169; x_wconf 72' lang='lat'>42.</span> <span class='ocrx_word' id='word_1_271' title='bbox 594 4126 599 4133; x_wconf 91' lang='lat'><strong>·</strong></span> 
     </span>
    </p>
   </div>
   <div class='ocr_carea' id='block_1_5' title="bbox 0 0 1276 4724">
    <p class='ocr_par' dir='ltr' id='par_1_6' title="bbox 0 0 1276 4724">
     <span class='ocr_line' id='line_1_39' title="bbox 0 0 1276 4724; baseline 0 4"><span class='ocrx_word' id='word_1_272' title='bbox 0 0 1276 4724; x_wconf 95' lang='lat' dir='ltr'> </span> 
     </span>
    </p>
   </div>
  </div>
 </body>
</html>
