2542 4724
403 278 439 358 C
466 302 492 355 a
519 301 555 356 a.
591 286 671 357 XV.
725 285 760 377 §.
787 276 874 370 151.
1106 282 1184 360 793

43 500 47 511 ·
82 471 216 545 therua
247 470 294 543 de
322 466 497 544 Patribus
528 465 701 564 quamvis
732 466 834 540 haud
863 470 1106 569 probandum
1133 495 1181 545 ex

84 598 132 645 eo
158 590 283 643 tamen
310 596 392 642 non
416 568 678 667 colligendum
703 565 763 655 est,
794 594 880 642 eum
898 569 1006 644 fuisse
1026 576 1184 647 Petrum

82 671 266 747 Ecclefiae
286 668 439 743 holtem.
491 667 622 743 Variae
633 670 718 740 sunt
733 669 910 755 rationes,
922 691 1076 769 propter
1088 696 1181 769 quas

82 770 180 845 iusta
207 770 312 845 illius
338 769 539 854 excusatio,
557 768 689 843 mitius
706 770 752 843 da
769 796 813 843 eo
832 770 1018 845 iudicium
1042 773 1180 847 merito

81 872 168 947 fieri
183 872 312 969 potest.
367 876 470 971 Quae
486 874 555 943 hac
571 870 612 942 in
631 898 671 943 re
687 890 879 968 tamquam
901 873 995 947 vitia
1009 878 1179 947 Luthero

82 974 332 1059 obiiciantur,
352 1000 392 1045 ea
408 1000 488 1045 non
511 971 737 1045 omniasatis
753 973 947 1068 probanda
967 976 1064 1046 sunt.
1099 978 1204 1067 Ple·¹

82 1101 202 1172 taque
220 1073 432 1148 testimonia
448 1102 493 1146 ex
513 1076 712 1167 Colloquiis
729 1068 947 1176 mensalibus
962 1076 1182 1165 sumuntur3

84 1178 264 1275 exiguam
297 1195 422 1248 autem
456 1200 589 1248 eorum
622 1173 691 1247 esse
727 1174 860 1262 sidem,
902 1175 986 1271 quis
1017 1176 1181 1274 ignoret.

86 1275 320 1363 Adversarii,
351 1274 528 1374 inprimis
562 1273 776 1361 Pontificii,
814 1275 986 1348 Patribus
1021 1277 1181 1351 nimiam

83 1378 352 1451 auctoritatem
378 1377 593 1451 tribuebant
617 1402 660 1450 aa
683 1392 803 1471 quum
827 1376 1076 1473 disputarunt,
1097 1404 1181 1453 non

83 1478 158 1552 alia
184 1478 263 1551 fere
287 1497 518 1578 argumenta,
538 1477 608 1551 nifi
626 1504 670 1550 ex
686 1482 839 1550 Patrum
855 1477 962 1551 libris
981 1475 1181 1569 afferebant

81 1578 211 1676 iisque
237 1580 359 1653 veluti
383 1579 524 1653 divinis
548 1576 771 1651 testimoniis
797 1578 1068 1652 innitebantur.
1119 1580 1179 1654 Ab

79 1680 308 1755 huiusmodi
341 1680 512 1754 hostibus
542 1679 734 1767 incitatus,
767 1683 957 1753 Lutherus
989 1679 1030 1753 in
1060 1678 1179 1754 animi

82 1781 279 1859 feruorem
295 1783 406 1855 facile
421 1780 558 1853 adduci
570 1780 710 1877 potuit.
762 1781 944 1855 Videmus
962 1781 1033 1855 hoc
1049 1809 1094 1855 ex
1111 1781 1179 1856 lito

82 1883 166 1959 eius
184 1910 269 1956 cum
293 1886 450 1955 Erasmo
469 1884 514 1954 de
531 1882 641 1952 libero
662 1879 827 1964 arbitria,
848 1908 920 1978 qua
939 1909 1057 1979 quum
1075 1890 1183 1957 Eras-

80 2010 171 2061 mus
211 1982 322 2057 armis
358 1990 512 2055 Petrum
541 1982 740 2080 praecipue
777 2002 957 2067 uteretur,
988 1986 1179 2059 Lutherus

82 2082 1178 2184 impositamsabiessenecesbtatem,illisfortiterresisseudi,

81 2186 154 2287 qui
176 2186 361 2271 Patribus,
386 2184 551 2260 maxime
575 2184 828 2279 Hieronymo,
851 2182 1010 2259 nimiam
1028 2210 1180 2258 venera·

82 2288 235 2365 tionem
254 2287 481 2383 praeberent.
534 2291 589 2361 ac
614 2284 698 2382 quis
716 2286 931 2381 persuadeat
945 2283 1024 2369 sibi,
1043 2284 1083 2356 in
1102 2292 1180 2361 Lu·

79 2390 193 2465 thero
214 2388 321 2461 sitisse
341 2387 475 2462 odium
494 2414 580 2488 erga
599 2395 722 2460 Patres
740 2384 931 2471 Ecclefiae,
955 2412 1071 2483 quum
1093 2390 1181 2463 illo-

78 2518 171 2567 rum
190 2509 440 2563 monumenta
463 2489 542 2586 ipse
566 2485 848 2562 commendavit
869 2506 980 2581 atque
1003 2486 1175 2577 ostendit,

82 2616 182 2691 quae
204 2618 293 2688 prae
316 2590 400 2664 aliis
424 2590 495 2664 srnt
518 2591 695 2690 legenda,
724 2615 801 2684 quo
826 2590 944 2661 modo
970 2590 1113 2661 loctioi
1143 2590 1179 2664 sa

80 2693 167 2769 fieri
194 2693 348 2779 debeat,
373 2694 414 2763 id
439 2692 546 2789 quod
563 2700 686 2765 Hraa.
705 2697 946 2763 Waaunnus
964 2690 1003 2761 in
1023 2614 1179 2789 Conslio

83 2796 133 2871 de
150 2784 279 2889 studio
304 2794 529 2893 theologiae,
554 2798 621 2864 rite
636 2782 853 2889 instituendo
872 2804 908 2861 et
918 2788 1077 2889 feliciter
1094 2816 1179 2865 con·

81 2897 265 2968 tinuunclo
294 2922 331 2990 p.
356 2896 391 2969 8.
418 2897 470 2966 ita
497 2894 673 2992 exponitt
728 2884 930 2991 Postquam
954 2894 1005 2963 acl
1029 2888 1179 2991 [aarum

82 2996 316 3095 theologiam
339 2999 506 3068 animum
536 2986 790 3095 applicassem,
815 2998 874 3065 vir
898 2996 973 3065 Dei
988 2996 1179 3073 Lutherus

82 3096 330 3183 adanonebat,
356 3112 398 3170 ut
453 3101 643 3193 raecipuos
670 3097 852 3193 quosdam
876 3092 987 3166 libros
1018 3098 1088 3167 Au
1097 3122 1179 3197 gu·

72 3190 191 3301 stini
222 3200 393 3297 legerem,
406 3124 546 3300 sbilicet
576 3196 708 3268 librum
734 3198 780 3267 de
808 3196 928 3293 Corrfe
955 3196 1109 3285 torribus,
1133 3202 1176 3275 it.

83 3300 219 3373 librum
243 3302 288 3370 (le
311 3304 497 3371 Doctrina
524 3289 740 3395 christiana,
774 3299 819 3370 de
847 3301 1005 3369 Ciuitate
1028 3302 1115 3387 Dei,
1141 3316 1179 3375 et

78 3394 225 3501 fimiles.
278 3394 401 3498 Iuffit,
426 3415 462 3471 et
481 3400 621 3493 aliqniel
639 3402 813 3494 temporis
832 3400 1016 3469 interdum
1031 3424 1091 3474 me
1107 3406 1176 3473 im·

80 3506 213 3601 partiri
244 3503 389 3573 lectioni
401 3496 675 3603 scripturarum
704 3498 998 3589 Bernltarclt‘,
1022 3516 1179 3601 propter

83 3607 259 3702 egregias
272 3596 500 3704 sententias,
526 3600 655 3697 quibus
680 3602 739 3673 ille
764 3600 943 3673 abundat.
996 3606 1177 3675 Necnon

83 3718 122 3777 et
136 3698 433 3806 Ambrosium
460 3728 519 3775 me
544 3704 663 3802 legere
680 3703 818 3787 notuit,
873 3716 998 3799 rapter
1015 3706 1178 3799 antiqui·

84 3809 175 3877 tatis
200 3809 373 3876 notitiam
381 3831 397 3884 ,⁸
432 3803 480 3875 ab
507 3806 734 3901 Origenis
767 3818 804 3875 et
815 3730 996 3904 sibilium
1024 3806 1178 3879 lectione

83 3932 144 3977 nte
169 3908 363 3992 deterruit,
400 3930 462 3990 eo,
491 3906 590 4001 quod
616 3906 668 3975 illi
695 3928 821 3977 omnes
839 3906 938 3978 locos
961 3908 1176 4001 Scripturae

83 4012 122 4078 in
147 4009 349 4107 allegorias
376 4009 708 4106 transjarmnrunt.
759 4011 913 4103 Itaque,
946 4004 1116 4105 Origenis
1140 4022 1177 4081 et

78 4100 254 4205 finalium
287 4110 480 4183 lectionem
501 4102 714 4209 theologiae
734 4098 910 4209 studiosus
931 4102 1175 4211 perniciosam
