2542 4724
315 264 346 335 0
370 284 396 336 a
422 282 460 337 a.
486 261 565 334 XV.
619 258 655 347 §.
684 256 869 337 152153.
1077 262 1161 347 795,

56 449 221 525 omnino
246 446 360 521 variis
389 446 517 521 modis
551 464 733 522 errarunt.
791 447 843 521 Iia
898 472 994 544 quae
1019 448 1155 548 scripta

52 544 310 646 reliquerunt,
337 548 501 620 maxime
521 547 567 619 de
588 547 832 646 dogmatibus
849 500 955 633 idei,
982 576 1065 623 non
1090 553 1154 623 ad·
1223 640 1226 645 Ι

53 654 187 727 sentiri
213 650 427 750 possumus,
455 647 525 722 nili
545 646 610 723 ista
633 676 720 721 cum
737 650 925 747 Scriptura
942 655 976 724 S.
997 652 1153 725 consen·

53 755 170 827 tiunt.
226 752 418 851 Quidquid
433 751 475 821 in
494 751 636 847 scriptis
651 755 804 823 Patrum
823 776 912 824 curn·
928 752 1036 825 sacris
1053 755 1155 827 litte·

51 855 109 929 ris
136 855 333 937 convenit,
359 854 455 924 illud
481 853 754 948 approbamus,
790 854 897 948 quod
921 871 1047 926 autem
1075 856 1160 930 illia·

51 956 294 1040 adversatur,
318 954 358 1025 id
379 954 580 1026 reiicimus.
633 958 688 1025 Ac
712 954 911 1049 quomodo
936 981 982 1027 ex
997 961 1153 1029 Petrum

49 1056 165 1131 libris
198 1081 376 1128 normam
408 1055 583 1126 credendi
618 1053 784 1126 formare
817 1055 997 1142 velimus,
1032 1081 1153 1152 quum

48 1182 137 1231 non
156 1158 284 1229 omnia
310 1181 444 1228 eorum
461 1174 712 1228 monumenta
736 1155 950 1228 conservata
976 1174 1088 1252 atque
1106 1158 1154 1230 ad

48 1284 130 1333 nos
150 1260 270 1331 delata
298 1257 404 1341 lunt3
431 1280 550 1351 quum
566 1263 755 1328 Doctores
781 1255 822 1327 lri
838 1274 979 1329 veteres
1002 1258 1101 1329 inter
1116 1258 1154 1333 lo

52 1358 289 1444 dissentiunt,
316 1358 510 1433 Pontifioii
525 1356 593 1453 ipst
611 1382 678 1430 eos
697 1382 867 1430 errorum
886 1356 1153 1433 insimularunt

51 1480 170 1557 atque
199 1463 493 1559 impugnarunt,
523 1485 625 1555 quae
652 1460 779 1531 omnia
806 1464 1151 1535 Io.Gaa1!an1>ua

54 1554 281 1661 Corrsqffion.
309 1560 479 1632 catholic.
506 1586 542 1656 p.
565 1560 648 1633 196.
674 1561 826 1633 uberius
854 1561 1038 1654 exposuit.
1089 1560 1152 1635 Ad

51 1664 331 1739 extremitatem
363 1664 517 1733 alteram
551 1662 580 1732 ii
615 1662 845 1746 deveniunt,
881 1661 946 1755 qui
978 1661 1151 1737 Patribus

50 1765 196 1849 minus,
224 1788 338 1860 quam
357 1764 473 1848 decet,
499 1762 694 1848 tribuunt,
721 1788 792 1834 neo
808 1788 884 1857 quo
903 1763 960 1833 illi
980 1762 1030 1835 ob
1047 1762 1154 1860 inge·

50 1866 185 1948 nium,
213 1862 489 1945 eruditionem,
516 1863 717 1946 virtutem,
744 1864 991 1948 sanctitatem,
1018 1866 1152 1937 merita

51 1965 213 2043 maximi
238 1964 344 2063 digni
368 1964 475 2047 sunt,
503 1963 691 2036 honorem
713 1964 911 2058 praebent,
940 1964 985 2035 de
999 1962 1151 2059 [quibua

10 2116 12 2121 -
51 2067 189 2142 itidem
206 2066 282 2137 iarn
292 2083 378 2136 ante
388 2062 631 2136 disseruimus.
659 2072 866 2160 Utramque
877 2066 1151 2139 extremitatem

21 2194 28 2207 ·
53 2166 155 2241 ltano
181 2168 221 2238 in
239 2163 398 2238 Ecclesia
424 2162 547 2236 nostra
575 2166 783 2238 devitamus
808 2191 849 2236 ac
872 2190 967 2259 quae
982 2190 1012 2251 ¹a
1028 2166 1150 2239 maio·

53 2269 161 2345 ribus
184 2265 319 2340 nostris
343 2266 413 2339 hac
437 2266 482 2337 de
497 2292 537 2338 re
555 2265 652 2339 facta
668 2262 738 2353 est,
767 2262 1043 2339 Conscilronem
1061 2291 1151 2339 oon·

10 2388 15 2435 ἰ
55 2366 194 2447 stanter
209 2369 355 2443 edimus
374 2393 416 2440 ac
431 2368 637 2463 sequimur,
667 2369 802 2441 litteris
819 2368 877 2441 his
896 2364 1151 2466 confignatam

10 2492 17 2533 ἓ
55 2474 225 2569 Epitom.
261 2470 425 2541 Formul.
451 2470 630 2541 Concord.
660 2495 698 2565 p.
725 2466 830 2543 543:
871 2470 1028 2565 Reliqua
1062 2494 1149 2543 vero

10 2596 16 2643 ι
51 2564 130 2671 five
149 2575 333 2659 Petrum,
355 2562 430 2667 five
457 2574 724 2643 neotericorum
738 2564 896 2669 scripta,
922 2566 1152 2668 quacumqu)

10 2694 19 2743 t
55 2675 211 2747 veniant
226 2677 386 2757 nomine,
395 2666 514 2773 sacris
530 2673 660 2744 litteris
676 2668 1011 2771 nequaquamsunt
1026 2675 1151 2769 aequi·

10 2810 20 2847 r·
58 2776 257 2872 paranda,
275 2769 345 2875 fed
365 2767 531 2872 universa
558 2775 629 2845 illis
656 2776 710 2844 ita
727 2767 956 2875 fitbiiciencla
971 2770 1082 2870 juret,
1109 2786 1152 2845 ut

57 2877 138 2948 alia
163 2880 309 2949 ratione
335 2900 409 2945 non
431 2878 674 2970 recipiantur,
701 2867 767 2945 nii
791 2866 933 2972 testium
958 2874 1059 2962 loca,
1088 2876 1152 2973 qui

10 2990 32 3067 ,t'
57 2978 239 3063 doceant,
267 2978 367 3073 quod
389 2981 503 3048 etiam
517 2968 600 3072 past
617 2980 704 3072 Apo
720 2977 883 3048 tolotana
905 2991 1087 3073 tempora,
1112 2989 1152 3049 et

56 3082 97 3151 in
122 3077 249 3173 quibus
271 3076 442 3173 partibus
473 3076 568 3149 orbis
593 3079 762 3149 doctrina
788 3078 851 3148 illa
878 3074 1152 3173 Prophetarum

10 3168 19 3291 ι’
57 3194 97 3253 ct
112 3170 379 3276 Apostolorum
394 3170 575 3278 fiucerior
604 3168 824 3275 conservata
837 3168 902 3276 fit.
954 3182 1056 3249 Inter
1080 3180 1153 3252 Ra-

10 3348 21 3361 ..
56 3280 247 3355 formatos
264 3281 330 3376 qui
348 3281 392 3351 ab
410 3280 696 3376 Episcopalibua
713 3281 752 3350 in
768 3281 903 3375 Anglia
921 3276 1151 3367 diffentiunt,

10 3362 24 3481 q
55 3383 116 3455 illi
134 3383 336 3454 nobiscum
360 3382 400 3452 in
425 3408 465 3453 re
488 3382 687 3478 principali
704 3381 964 3466 consentiunt,
992 3404 1073 3452 non
1096 3398 1153 3455 to·

10 3486 39 3601 q·
56 3508 146 3601 paen
160 3484 377 3601 negandum
402 3479 473 3567 est,
504 3507 569 3555 eos
588 3484 779 3555 interdum
795 3484 924 3577 paullo
941 3480 1150 3599 iniquiorea

18 3629 24 3665 r
56 3610 99 3657 an
117 3590 241 3655 Patres
260 3584 391 3657 vtderr.
445 3582 500 3655 cf.
519 3590 671 3658 Fnauc.
689 3590 857 3657 Bonum
885 3578 1050 3683 ljagoge
1068 3572 1148 3679 lust.

10 3682 22 3807 i
60 3684 170 3757 theol.
187 3686 272 3757 Lib.
288 3690 335 3757 ΙΙ.
360 3690 447 3783 Cap.
469 3684 505 3759 3.
529 3688 562 3779 §.
583 3686 641 3761 13.
662 3684 720 3759 14.
739 3710 777 3783 p.
798 3684 872 3761 539
889 3686 968 3783 sqq.

520 3870 553 3961 5.
610 3866 695 3948 153.
721 3864 724 3869 ’

10 3980 20 4011 i
163 4036 362 4139 Superest,
388 4052 433 4111 ut
450 4034 500 4113 de
512 4042 711 4138 prudentia
728 4054 768 4111 et
785 4040 1007 4115 liberalitate
1022 4037 1067 4111 in
1084 4062 1152 4113 ex·

13 4158 22 4213 t
64 4136 239 4216 colendo
260 4154 448 4217 veterum
472 4138 669 4217 Ecclesiae
686 4142 850 4217 Petrum
872 4138 1024 4231 iludio,
1049 4162 1153 4241 quaa
