2542 4724
106 182 236 299 tat'
325 202 685 321 [oman
740 229 862 320 §.aa

210 412 254 504 3)
269 409 374 486 Libb.
395 417 517 487 XXII
532 416 578 491 de
599 421 760 489 civitate
773 418 849 489 Dei
866 431 998 488 contra
1014 417 1214 512 Paganor,

64 508 71 523 '
108 514 306 613 separatim
329 514 437 612 saepe
458 518 813 614 litteris,descripti‚
849 518 927 589 iam
944 517 1068 612 prima
1091 533 1214 610 typo·

59 644 63 651 ·
111 616 289 717 graphiae
304 634 423 689 aetate
436 617 639 718 seculoque
651 621 791 715 quinto
809 644 852 692 aa
870 619 1027 690 decimo.
1055 621 1215 687 Memo-

99 736 243 792 ·rantur
257 718 458 795 editionest
487 726 599 795 Rom.
615 720 722 795 1468.
739 720 823 806 fol„
849 727 979 793 Venet.
989 714 1101 789 1470.
1123 714 1215 803 fot,

111 823 294 916 Mogunt.
312 816 439 905 1475,
472 824 632 918 Neapol.
651 822 759 895 1477.
784 848 826 894 ac
843 847 874 893 c.
897 820 1044 893 adnott.
1073 815 1214 889 Thom.

115 921 162 991 V
159 919 255 991 aloia
270 938 307 991 et
322 924 407 995 Nic.
430 924 601 1009 Trioetlr,
619 924 789 1027 Friburg·
811 918 920 999 1494.
945 920 1015 993 fol.
1038 919 1220 1012 aliaeque

113 1017 244 1093 fimilis
260 1023 419 1119 generis.
433 1022 484 1114 *).
523 1026 728 1121 Separatim
752 1048 908 1119 quoque
933 1020 1161 1118 prodierunt
1179 1043 1217 1090 c.

115 1124 425 1209 Commentariis,
451 1122 630 1221 inprimit
641 1131 697 1198 Io.
715 1129 810 1197 Lud.
828 1129 935 1197 Vivis
951 1149 993 1197 ac
1009 1125 1123 1193 Leon.
1143 1122 1219 1191 Co·

116 1225 219 1317 quei,
244 1229 325 1296 Par.
343 1224 454 1300 1651.
472 1225 563 1313 fot,
587 1227 726 1301 Hamb.
745 1227 856 1301 1661.
877 1225 914 1301 4.
931 1225 990 1314 **)

217 1344 263 1440 4)
286 1353 350 1423 De
372 1355 514 1448 Spiritu
539 1368 577 1425 et
598 1358 745 1425 Littera
768 1354 820 1424 ad
842 1352 1107 1424 Marcellinum
1134 1340 1222 1421 Lib.

117 1474 213 1521 unus
234 1488 285 1503 -
306 1453 435 1524 variet.
462 1456 564 1526 lectt.
589 1451 1047 1549 animadverfionibusqua
1070 1449 1220 1523 brevib.

117 1547 252 1625 illustr.
268 1552 315 1624 ab
339 1558 371 1624 1.
392 1552 477 1627 Clrr.
495 1559 600 1629 Beni.
623 1561 745 1655 Terg,
772 1555 872 1651 Lips.
894 1555 1004 1629 1767.
1028 1553 1064 1628 8.
1089 1550 1161 1625 Ed.
1180 1550 1220 1622 2.

120 1654 326 1830 ἷξὲτοεοῑὲος
340 1672 380 1727 et
393 1654 517 1731 indiae
531 1683 658 1733 rerum
679 1657 915 1731 memorabit.
941 1673 1070 1743 aucta,
1111 1649 1218 1749 Lipl.

224 1881 265 1975 5)
291 1888 330 1958 S.
364 1886 509 1959 Aurelii
536 1880 756 1989 Augustini,
797 1888 971 1986 Hippon.
994 1890 1032 1959 E
1059 1875 1141 1986 isc„
1184 1891 1226 1953 et

57 2026 62 2037 ·
122 1982 298 2056 Aliorum
313 1990 562 2083 quorumdam
578 1987 762 2090 adipsum
782 1991 806 2062 l.
828 1995 903 2062 eius
925 1912 1055 2088 couffll
1054 1979 1226 2088 scriptae

123 2076 314 2182 Epfioloe
329 2089 424 2175 278,
459 2116 489 2161 e.
507 2095 725 2189 Appendiee
738 2082 1083 2266 {uppofititiarum
1108 2085 1228 2157 variis

124 2183 342 2262 lectionibus
366 2191 520 2289 aliisque
534 2195 741 2294 marginali
766 2220 808 2265 us
831 2207 868 2264 et
884 2188 1064 2262 indicibus
1080 2174 1229 2288 utiltffi·

124 2290 208 2374 mis,
230 2315 322 2385 quas
337 2290 533 2388 separatim
550 2296 592 2368 in
606 2299 730 2369 lucem
748 2295 914 2392 protulit
928 2298 1017 2363 Luc.
1034 2295 1094 2362 Fr.
1113 2290 1225 2359 Reiu-

126 2386 234 2476 bart,
262 2393 401 2467 Altorf.
422 2395 531 2470 1668.
556 2395 592 2469 4.
609 2392 693 2487 ***)
742 2394 921 2493 Epistolis
936 2395 995 2466 his
1012 2385 1226 2490 Augustini,

126 2503 323 2586 tamquam
339 2495 657 2591 supplementum,
682 2499 770 2570 addi
783 2494 925 2593 potest:
952 2499 990 2567 S.
1010 2480 1226 2593 Augustini,

127 2589 248 2695 Epist.
267 2601 456 2693 Hippon„
492 2600 776 2695 adoptatum,
811 2591 932 2698 Epist.
958 2596 1144 2680 Milton,
1183 2588 1230 2661 de

128 2710 269 2767 natura
287 2712 322 2767 et
339 2700 483 2794 origine
499 2703 648 2771 anianae
664 2706 736 2796 Ep.
740 2693 919 2800 secunda.
959 2686 1119 2792 Acceffit
1137 2695 1227 2765 eius·

131 2796 216 2871 dem
232 2802 269 2868 S.
283 2789 484 2895 Augustini
498 2806 570 2898 Ep.
588 2804 633 2875 de
648 2804 777 2899 poenis
792 2801 1050 2898 parvulorum,
1077 2798 1141 2892 qui
1148 2783 1232 2890 fine

131 2898 329 2996 Baptisrno
348 2901 548 2990 decedunt,
565 2898 712 3004 scripta
729 2905 780 2975 ad
796 2907 950 2974 Petrum
970 2914 1007 2970 et
1020 2894 1233 2970 Abrabam.

132 3001 325 3073 Prodeant
348 3027 444 3073 nunc
457 3008 621 3101 primurn
643 3030 689 3077 ex
702 3004 936 3077 Bibliotheca
962 2998 1097 3072 liberae
1117 3010 1154 3068 et
1171 3018 1234 3067 era·

133 3114 258 3175 antae
284 3103 434 3175 Ordinis
462 3108 501 3177 8.
526 3108 718 3179 Benedicti
745 3106 930 3205 inferioris
955 3090 1130 3197 Austriae
1154 3092 1235 3173 Ab·

136 3200 263 3279 batiae
280 3198 547 3305 Gottwicensts,
576 3207 682 3283 Vien.
701 3210 812 3282 1733.
835 3204 906 3280 fol.
923 3206 966 3296 †)

240 3328 281 3415 6)
305 3329 386 3402 Lib.
405 3333 451 3403 de
465 3325 686 3433 Haerefibus
702 3336 753 3407 ad
771 3332 883 3437 Quod
898 3331 993 3402 Vult
1009 3333 1152 3413 Deum,
1170 3321 1238 3422 qui

139 3430 334 3529 separatim
351 3435 391 3504 in
407 3436 533 3507 lucem
552 3437 642 3508 exiit
660 3461 747 3510 cura
770 3431 904 3507 Larnb.
923 3434 1076 3504 Danaei
1104 3453 1136 3501 a.
1157 3451 1241 3501 eru·

140 3531 223 3607 dito
240 3536 521 3609 Commentario
546 3556 659 3640 atque
682 3533 946 3649 acceffionibua
970 3528 1179 3608 haerefium
1196 3524 1240 3599 ab

140 3703 352 3723 *¹*-

177 3823 202 3888 ‘)
220 3821 432 3877 Senorrrutrnt
449 3820 493 3887 11,
515 3826 575 3881 265.

178 3914 221 3979 ⁸⁰)
240 3912 375 3969 Farnreu
391 3914 503 3988 Syllab.
521 3913 659 3985 Scriptar.
678 3915 714 3970 de
734 3914 860 3972 veritate
876 3912 963 3985 relig.
985 3904 1092 3976 Christ.
1113 3925 1144 3982 p.
1157 3908 1221 3965 248·

177 4009 236 4075 m)
255 4007 295 4063 lo.
311 4007 446 4065 Funera
465 4005 538 4073 ΗΜ.
555 4007 695 4066 biblioth.
712 4011 762 4076 Ν,
777 4016 838 4068 417.

179 4104 212 4172 τ)
229 4103 304 4157 Ana
320 4101 442 4157 Erudit.
458 4122 484 4160 a.
502 4109 576 4163 1731.
593 4127 621 4181 p·
640 4109 699 4162 136.
735 4101 875 4159 [tration.
894 4099 1052 4173 rollanni·
1071 4096 1144 4161 1111,
1158 4098 1221 4153 *lm-
