2542 4724
378 284 412 360 C
437 308 461 355 s
490 306 526 357 r.
560 288 660 356 XIII.
712 284 747 371 ᾗ.
777 286 863 361 128.
1082 288 1158 363 689

56 467 180 569 potin.
231 468 350 543 Verba
377 468 455 542 eius
478 468 584 542 sunt:
608 475 697 541 Iam
708 462 747 567 fi
771 495 859 543 vcro
882 472 1084 569 prudenter
1098 478 1152 545 in·
1253 518 1257 525 ·

57 588 243 656 tucamur,
262 565 554 671 qicoctscriptum
571 562 642 666 est:
663 572 841 645 Fidelis
864 570 1064 647 hominis
1085 590 1154 646 to·

58 688 133 745 tus
166 673 366 743 mundus
397 674 680 743 divitiarum
712 665 787 767 est,
816 676 1042 774 infidelis
1070 700 1165 747 nco·

59 800 82 847 o
93 774 114 845 b
124 802 148 845 u
157 776 170 843 l
180 802 202 843 n
211 799 239 858 s,
250 774 283 860 *)
298 798 417 843 nonne
427 798 564 857 onmes,
575 777 636 867 qui
640 766 885 867 filioidentur
891 778 1059 874 gaudere
1073 778 1151 847 lici-

59 890 97 948 tc
113 866 332 969 commistus,
343 880 463 969 eisquc
478 879 532 944 nti
543 868 719 967 nesciunt,
736 875 858 946 aliena
875 872 1151 949 convincimus?

58 982 146 1048 Hoc
161 980 257 1046 enim
266 990 359 1046 certe
376 977 537 1045 alienum
554 1000 627 1045 uon
644 966 702 1070 est,
722 978 821 1068 qtcod
837 980 913 1048 inre
927 972 1152 1074 poffideturs

59 1077 131 1147 lioc
146 1090 271 1149 autem
295 1080 389 1160 iure,
411 1078 513 1171 quod
537 1068 642 1171 iuste,
667 1090 705 1147 et
718 1075 788 1145 lioc
802 1069 909 1171 iusto,
930 1082 1031 1175 quotl
1049 1078 1152 1153 bene.

61 1178 180 1249 Omne
198 1180 323 1275 igitur,
336 1180 435 1270 quod
451 1176 548 1245 rnule
559 1168 768 1272 poffittetur,
787 1178 947 1249 alienum
964 1173 1038 1276 est;
1053 1182 1153 1253 male

59 1295 186 1351 mitem
201 1270 365 1373 pofficlet,
391 1281 453 1372 qui
471 1279 568 1347 mule
586 1282 709 1351 utitur.
746 1278 870 1348 Cernis
889 1283 1015 1379 igitur,
1037 1306 1154 1375 qnam

61 1382 170 1453 multi
194 1380 343 1449 reddere
369 1378 526 1448 (labeant
551 1380 692 1461 aliena,
714 1370 752 1477 fi
773 1380 833 1449 uel
853 1385 984 1476 pauci,
1021 1381 1153 1475 quilius

60 1481 286 1564 reddantur,
312 1484 540 1575 reperiuntur
548 1505 564 1557 ‚·
590 1483 652 1573 qui
674 1494 801 1551 tumen
825 1481 888 1551 ubi
903 1474 1014 1579 sunt,
1040 1496 1149 1552 tanto

61 1584 187 1679 magis
209 1574 277 1674 istu
302 1594 557 1663 contemnunt,
586 1595 726 1673 qttanto
753 1605 797 1657 ea
822 1575 945 1678 iustius
971 1573 1152 1677 poffitlere

58 1696 272 1781 potuerunt.
323 1674 507 1777 Iustitiam
539 1684 673 1776 quippe
705 1695 741 1751 et
770 1706 877 1753 nertio
900 1684 999 1753 male
1024 1681 1148 1767 liniret,

60 1799 99 1857 ct
122 1788 186 1879 qui
210 1807 284 1853 non
307 1784 485 1865 dilexerit,
510 1806 583 1852 non
609 1778 729 1851 habet.
782 1786 944 1853 Pecunia
967 1808 1054 1854 vero
1072 1800 1109 1853 et
1124 1810 1151 1855 a

60 1886 171 1957 vualis
187 1886 284 1954 rnale
302 1882 474 1967 liabetur,
493 1896 529 1953 et
548 1908 572 1952 a
591 1881 693 1951 bonis
709 1896 817 1953 tauto
833 1885 962 1954 melius
978 1883 1151 1971 liabetur,¹

61 1986 213 2083 quando
230 1988 349 2055 nunus
366 1997 527 2071 arctatur.
578 1984 652 2053 Sed
669 1988 762 2054 inter
777 1984 868 2054 lraec
882 1985 1064 2054 toleratur
1080 1990 1149 2055 ini·

62 2098 189 2185 quitas
211 2086 309 2156 male
336 2084 566 2168 habentium,
593 2085 837 2178 etquacdcnn
862 2087 956 2155 iuter
980 2109 1042 2155 cos
1065 2089 1153 2156 iura

63 2180 349 2281 constituuntur,
383 2211 478 2282 quac
510 2186 749 2281 appellantur
778 2187 917 2272 civilia,
944 2209 1019 2254 non
1049 2188 1151 2280 quod
1254 2204 1257 2209 '

62 2290 149 2361 liinc
160 2284 262 2390 flat,
289 2304 330 2358 ut
355 2287 442 2359 bene
466 2300 607 2358 utentes
619 2280 717 2385 sint,
734 2280 804 2388 secl
829 2301 871 2357 ut
887 2285 987 2358 male
1005 2300 1149 2359 utentes

63 2394 186 2465 miuus
206 2381 344 2485 molesti
356 2382 445 2487 fint.
462 2388 520 2478 *Ἴ
1150 2410 1155 2419 ·

164 2492 206 2583 θ)
233 2492 283 2561 tul
299 2496 388 2561 Vim
405 2495 442 2559 in
458 2492 643 2589 religionis
659 2482 781 2591 cauffa
798 2488 1059 2574 adhibendam,
1075 2512 1150 2587 qua

63 2596 105 2667 in
123 2618 164 2664 re
178 2596 448 2664 Aucuscsnus
467 2594 579 2663 etium
599 2620 616 2661 a
635 2612 733 2663 recta
751 2593 808 2663 via
827 2592 1019 2664 aberravit.
1032 2590 1109 2681 ***)

169 2696 233 2781 10)
260 2695 308 2763 ad
336 2697 579 2788 Martyrium,
616 2696 660 2765 de
693 2718 769 2787 qno
799 2712 941 2765 veteres
965 2689 1152 2764 christiani

65 2806 252 2871 Doctores
264 2796 542 2889 Scriptoresqne
558 2819 846 2890 nonnumquam
858 2794 910 2865 itu
924 2796 1151 2888 loquuntur,

65 2920 111 2973 ut
129 2899 187 2971 illi
212 2898 406 2967 salutarem
431 2897 509 2966 vim
534 2896 581 2965 ad
606 2914 754 2990 peccata
781 2895 936 2967 delenda
962 2913 1074 2987 atquc
1091 2918 1153 2963 cx«

64 3001 204 3100 pianda
233 2998 398 3067 tribuant
425 3014 535 3091 atque
564 2997 661 3066 illud
684 3000 920 3089 Raptisrnum
933 2990 1152 3097 secundum,

64 3094 707 3199 Baptistamusanguinisappellent.
761 3098 1151 3188 Cuun1nnusEp.73.

67 3208 113 3277 de
130 3203 431 3280 Cutcctuunenis,
460 3199 524 3291 qui
549 3216 703 3293 propter
725 3198 893 3269 nominis
913 3193 1042 3267 Christi
1061 3220 1153 3267 con-

65 3302 259 3381 fessionem
293 3300 389 3394 capti
417 3316 453 3368 et
477 3317 644 3368 extremo
669 3298 851 3393 supplicio
880 3294 1002 3369 affecti
1032 3314 1150 3379 erunt,

67 3426 269 3501 antequam
294 3404 333 3469 in
355 3418 463 3471 coctu
488 3396 779 3469 Christianorum
805 3400 905 3470 sacm
923 3398 1033 3469 fonto
1049 3397 1154 3469 ablui

65 3508 226 3607 potiens,
252 3504 360 3570 dicit:
388 3503 526 3583 Sciant,
543 3498 830 3569 Catcclunncnos
852 3500 933 3571 illas
957 3502 1078 3594 primo
1097 3502 1154 3568 in·

66 3632 217 3707 tagram
229 3604 350 3703 sulem
375 3617 409 3671 et
428 3593 608 3699 licelcjt'ao
624 3604 818 3671 ueritatem
836 3614 955 3671 tencre
971 3614 1008 3671 et
1024 3600 1075 3670 tul
1090 3600 1154 3667 cle-

66 3774 273 3799 ο--ν--“”““

99 3860 127 3923 '¹)
154 3848 253 3907 Verba
277 3848 382 3901 haecce
408 3848 440 3901 in
463 3840 602 3901 Vettiano
629 3840 715 3903 LXX
743 3846 942 3917 interpretum
963 3842 1155 3901 Prot-ntur.

132 3922 208 3991 Cap.
224 3918 317 3971 xvu.
343 3915 404 3987 poti
427 3915 499 3970 veri.
517 3920 543 3969 6.
564 3918 719 3987 teguntur,
744 3914 904 3985 patlirnque
921 3914 1156 3980 ειδἋυοω-ιιςσ,

33 4034 36 4041 .
134 3990 314 4043 ltinuonuuo
331 3988 455 4056 aliisque
474 3986 611 4045 citantur,
630 3986 676 4038 sed
696 3990 726 4039 in
747 3994 827 4037 textu
848 3984 1155 4039 ebruconouexttsnt.

99 4066 143 4127 ⁸¹)
161 4058 310 4111 Sitonum
328 4056 348 4109 l.
367 4074 390 4108 c.
410 4074 437 4125 p·
460 4058 515 4109 nu.

99 4136 160 4197 m)
176 4128 329 4185 Situnmu
348 4126 369 4182 t.
388 4142 411 4178 c.
431 4140 460 4194 p.
480 4128 538 4179 152

799 4194 850 4269 44
892 4276 895 4283 .
