2542 4724
18 216 204 343 “eu
468 255 695 359 onan.
744 252 866 347 §.aa
935 252 972 335 ,·

83 492 87 511 ,
125 440 226 517 sunt.
287 444 370 515 Iam
396 438 620 536 antiquiore
648 455 773 513 aetate
799 437 983 529 fuerunt,
1026 444 1208 545 quinon

124 540 253 617 solum
273 540 426 642 scriptis
451 566 593 613 eorum
616 542 789 639 graecis,
826 541 945 615 latine
969 543 1206 637 reddendi8‚

126 667 290 741 operam
307 641 464 726 darent,
491 630 560 713 sed
577 643 695 713 etiam
710 641 879 716 inlibris
894 643 1040 733 latinis,
1062 670 1207 743 graece

125 740 350 830 vertendis,
383 739 506 815 fimile
530 740 705 815 studium
727 758 935 841 ponerent.
995 744 1209 843 Reliquiae¹

18 920 20 925 ,
125 841 269 919 harum
287 841 662 944 interpretationum
679 840 729 917 ad
743 867 818 917 nos
834 861 1117 943 pervenerunt„

227 989 328 1054 Inter
343 1003 428 1065 eos,
460 979 530 1076 qui
543 1004 668 1079 graeca
684 985 837 1051 Petrum
862 980 993 1076 scripta
1008 983 1048 1053 in
1065 983 1208 1055 sermo·

87 1164 92 1171 ,
125 1107 215 1158 nem
244 1085 404 1157 latinum
432 1080 723 1166 transtulerunt,
762 1083 959 1177 praecipue
982 1084 1113 1156 locum
1138 1084 1208 1156 fibi

127 1184 218 1259 fecit
233 1188 439 1269 Rurmus,
466 1180 594 1273 Preab.x
607 1179 861 1276 Aquileienfis.
912 1186 969 1255 Ex
987 1206 1115 1283 graeca
1133 1186 1208 1258 lin·

127 1313 201 1387 gua
225 1286 341 1357 latine
365 1284 497 1356 vertit:
531 1286 839 1381 Recognitionum
867 1282 996 1370 libros,
1036 1286 1102 1356 sub
1126 1289 1209 1359 Cle-

81 1402 84 1407 ’
125 1388 264 1465 mentis
281 1392 392 1459 Rom.
410 1384 568 1457 nomine
582 1384 622 1454 in
638 1387 759 1456 lucem
776 1385 917 1469 editos,
951 1412 993 1457 ac
1007 1384 1210 1483 praefatio·

124 1516 215 1565 nem
241 1486 401 1570 addidit,
440 1508 534 1581 quae
557 1486 683 1557 minus
709 1482 757 1557 est
781 1485 989 1570 subdititia,
1030 1489 1210 1582 quemad-

126 1590 287 1667 modum
310 1587 489 1689 nonnulli
513 1584 580 1657 fibi
605 1586 844 1681 persuadent;
870 1589 1101 1687 Apologinm
1125 1592 1210 1661 Ori·

126 1695 251 1811 genis,
285 1687 389 1760 cuius
412 1686 555 1784 primus
581 1688 675 1759 liber
700 1712 745 1758 ex
773 1686 876 1759 illius
898 1688 1213 1785 interpretatione

126 1819 168 1866 tn
194 1790 320 1879 latinis
346 1788 514 1887 Origenis
539 1787 768 1861 editionibus
801 1805 838 1860 et
860 1788 957 1860 inter
980 1790 1211 1884 Hieronymi

67 1904 74 1911 “
130 1897 255 1992 Opera
272 1886 402 1973 exstat3
427 1887 539 1986 ipfius
560 1892 730 1988 origenis
751 1888 869 1963 libros
889 1892 958 1983 rupi
975 1893 1085 1983 ἂρχῶν
1105 1893 1210 1963 mul·

45 2044 49 2065 .
126 2014 258 2091 tesque
276 1990 482 2077 Homilias‚
508 1990 549 2061 in
571 1980 740 2084 Genefin,
766 1991 960 2078 Exodum,
988 1993 1207 2077 Leviticum‚

126 2098 311 2169 Numeros
328 2110 365 2165 et
380 2093 472 2165 alios
490 2091 638 2164 Codicis
654 2098 687 2163 S·
705 2092 843 2165 libros:
868 2093 959 2164 item
977 2084 1121 2194 Eusebii
1137 2090 1210 2165 Hi.

124 2187 280 2294 storiam
304 2182 596 2291 ecclefiosticarri,
633 2192 695 2264 sed
718 2195 789 2279 ita,
820 2213 864 2265 ut
888 2194 987 2264 varia
1012 2186 1141 2290 paffim
1169 2212 1210 2266 et

125 2297 265 2373 librum
289 2294 475 2369 decimum
500 2294 690 2391 integrum
710 2294 789 2367 fere
814 2295 1022 2378 omitteret,
1049 2294 1121 2367 alia
1144 2295 1210 2366 ad·

128 2399 230 2471 deret
254 2414 365 2491 atque
387 2395 631 2491 interpolaret
654 2412 692 2468 et
716 2395 791 2493 ipse
816 2395 933 2467 libros
959 2396 1055 2467 duos
1078 2420 1208 2469 novos

32 2580 37 2591 ¹
126 2488 385 2595 subiungeret,
413 2495 550 2590 quibus
563 2492 753 2567 historiam
770 2494 817 2566 ad
829 2514 989 2569 mortem
1004 2492 1211 2569 Theodofii

123 2607 220 2694 imp.
237 2597 429 2694 produxit.
479 2602 629 2669 Locum
646 2597 685 2667 in
702 2598 777 2670 illis
795 2622 949 2693 quoque
969 2596 1071 2670 dedit
1081 2596 1210 2669 ineer-

122 2702 175 2773 tis
192 2697 469 2771 narrationibus
488 2723 530 2769 ac
544 2696 681 2770 fabulis
698 2695 1008 2792 monstravitque,
1042 2698 1078 2769 se
1099 2696 1211 2771 fuisse

125 2801 338 2885 credulum,
355 2823 424 2871 nec
438 2818 651 2872 accuratum
666 2796 829 2871 studium
846 2799 891 2870 ad
904 2796 1093 2871 historiam
1111 2797 1211 2873 haue

125 2898 339 2973 adbibuiffe.
395 2904 428 2972 Ε
453 2900 572 2972 latino
600 2924 664 2972 eos
696 2894 824 2999 graece
852 2899 995 2972 vertisse
1023 2897 1210 2973 Gelafium

123 3000 399 3075 Gaesareensem
414 3019 451 3073 et
470 3002 652 3093 cyrillum
670 3001 876 3086 Hierosol.,
911 2998 1007 3072 testis
1032 2996 1081 3072 est
1100 3006 1210 3073 Prio-

123 3128 223 3175 τινα
251 3103 341 3173 eod.
359 3105 577 3176 LXXXIX.
604 3128 640 3196 p.
658 3104 742 3174 210.
795 3108 942 3174 Praeter
956 3102 1045 3173 haec
1067 3124 1210 3173 monu-

123 3222 253 3276 menta
277 3228 424 3302 graeca,
464 3202 625 3276 Rufinus
649 3204 718 3275 alia
740 3203 781 3274 in
804 3204 965 3274 latinum
995 3203 1210 3277 sermonem

128 3307 314 3378 convertit
330 3305 444 3397 inque
460 3305 518 3376 his
534 3296 682 3403 Iosepbi
699 3303 809 3375 libros
825 3305 870 3375 de
880 3305 984 3374 Bello
997 3303 1154 3373 Iudaico
1171 3320 1210 3375 et

25 3420 35 3437 ¹
122 3410 405 3503 'Antiquitatum
422 3408 681 3491 Iudaicorum,
708 3431 869 3501 quorum
890 3400 1139 3500 posteriorum
1161 3402 1209 3475 li·

126 3509 284 3579 brorum
299 3507 415 3583 versro
438 3507 553 3578 latina
581 3508 615 3578 ei
638 3532 790 3604 quoque
806 3505 920 3577 tribui
936 3506 1048 3576 solet:
1080 3494 1238 3600 Bafitti·

130 3604 275 3710 Caesar.
297 3624 333 3682 et
352 3611 523 3706 Gregorii
538 3611 718 3681 Nazianz.
740 3611 864 3705 Opera
882 3606 1083 3701 quaedam,
1112 3628 1211 3698 quas

127 3706 309 3781 habentur
343 3710 385 3779 in
418 3709 580 3805 antiquis
611 3712 767 3782 illorum
796 3708 1025 3784 editionibus
1058 3704 1211 3779 latinis:

127 3813 297 3885 Arratolii
323 3814 511 3883 Cononem
534 3804 763 3910 paschalem,
801 3836 912 3906 quam
935 3806 1211 3901 interpretatio·

126 3912 269 3985 nemin
289 3914 411 3989 lucem
429 3913 591 4008 protulit
613 3908 881 4007 illustravitque
904 3912 1110 3981 rinermus
1132 3913 1212 3978 Bu·

131 4036 326 4101 euentus,
355 4036 529 4085 unacum
548 4012 628 4085 aliis
647 4013 812 4085 eiusdem
826 4008 1034 4109 argumenti
1051 4007 1212 4101 scriptis,

129 4116 305 4211 Antverp·
323 4111 432 4189 1624.
453 4111 509 4188 4.:
542 4113 634 4189 item
650 4118 746 4188 Stati
762 4112 995 4186 Errciriridion
1005 4102 1038 4208 s
1056 4111 1214 4180 Senten-
