2542 4724
91 228 190 347 ao
420 212 570 347 οᾏη.
599 262 666 338 ra.
719 259 755 352 ς.
783 257 870 341 109.
944 258 947 263 ·

479 540 483 559 ¹
571 447 608 540 ς.
636 445 722 525 109.
835 464 839 483 =

93 618 100 653 ³
198 614 456 719 'ASymbolis
479 614 649 717 privatis
675 609 870 692 differunt
890 613 1070 717 putten:
1097 642 1197 720 qme

50 802 62 825 Ι
94 720 313 822 inscriptis
329 724 494 794 Petrum
507 715 570 791 lae
601 732 930 793 ememorantur,
989 719 1197 800 Dicuntur

96 825 268 924 publica,
305 820 398 918 quia
432 817 480 892 ab
510 818 552 919 ip
571 842 604 892 1s
637 817 961 896 Christianorum
998 823 1196 915 coetibus,

84 925 184 1000 ¹non
200 949 223 996 a
241 917 482 1019 quibusdam
499 934 655 993 tantum
672 917 1022 1011 Ecclefiae-tociis,
1052 947 1197 1026 appro-

96 1024 188 1100 bata
207 1021 298 1096 lunt
314 1021 500 1118 hancque
518 1018 569 1094 ob
586 1046 675 1094 rem
720 1018 894 1094 ublicam
915 1025 1196 1101 auctoritatem

95 1122 248 1227 praese
264 1122 413 1197 habent
431 1137 549 1218 atque
568 1120 619 1195 ad
634 1047 844 1222 pullicum
858 1120 976 1196 ulum
1001 1122 1196 1202 adhiben-

94 1242 176 1299 tur.
191 1223 267 1317 ,Ad
284 1221 486 1298 eiusmodi
496 1219 700 1319 Symbola,
715 1245 841 1318 eaque
857 1238 948 1296 ante
959 1225 1194 1303 Concilium

96 1326 329 1402 Nicaenum
347 1321 520 1412 condita,
539 1318 774 1397 referuntur
795 1322 1037 1421 Symbolum
1051 1334 1192 1404 Roma-

94 1455 205 1518 uum,
231 1421 480 1526 Aquileiense,
509 1426 699 1498 Orientale
717 1445 830 1523 etque
846 1424 1140 1507 Antiochenam.

195 1569 349 1637 Horum
382 1583 539 1657 quoque
559 1560 834 1653 symbolorum
860 1567 986 1638 Patres
1012 1565 1189 1642 Ecclefieo

94 1667 332 1742 mentionem
357 1661 504 1736 faciunt
525 1663 714 1759 nobisque
738 1664 918 1737 notitiam
935 1667 1185 1763 suppeditant.

92 1774 359 1855 Romanorum
388 1761 683 1838 Christianorum
714 1784 868 1838 coetum
898 1768 1105 1864 proprium
1129 1774 1186 1844 ht·

92 1868 210 1941 buille
225 1865 472 1959 Symbolum,
497 1870 750 1938 Romanuma
778 1868 982 1964 pellatum,
1009 1894 1058 1943 ex
1072 1878 1185 1946 Vtat-

95 1993 163 2043 ιιι
197 1960 391 2068 Topfitaai
418 1966 543 2040 verbis
573 1968 661 2040 adv.
684 1893 898 2063 Nedorium
928 1984 966 2040 et
983 1961 1183 2073 'Eumlur

94 2070 196 2145 Libr.
211 2076 273 2144 IV.
299 2068 513 2166 colligitur:
552 2061 779 2166 Universttas
798 2065 1019 2170 profitetur,
1046 2078 1183 2148 credere

82 2167 131 2278 se
145 2178 182 2244 in
199 2172 327 2243 Deum
342 2174 498 2241 Patrem
513 2174 816 2267 omnipotentem,
841 2186 879 2244 et
893 2174 931 2242 ia
946 2167 1075 2274 Iesum
1090 2177 1183 2249 chri·

82 2267 188 2374 stum
193 2270 325 2375 filium
341 2275 428 2358 eiuS,
452 2274 661 2342 Dominum
677 2264 852 2370 nostrum.
903 2277 1008 2345 Huic
1022 2279 1180 2373 capitula

92 2376 141 2449 ol)
158 2378 197 2446 id
212 2366 275 2471 iste
290 2373 562 2445 calumniatur:
590 2399 655 2443 cur
669 2399 743 2444 noa
760 2376 856 2445 dixit
877 2379 913 2446 in
937 2402 1057 2449 unum
1070 2374 1181 2481 Iesum

64 2512 67 2521 ·
91 2468 289 2574 Christum,
315 2475 453 2545 Filium
467 2477 554 2560 elue,
583 2478 690 2546 iuxta
707 2479 867 2547 Nicaeai
882 2478 1075 2551 decretum
1093 2484 1180 2553 Coa·

91 2574 197 2654 citit?
235 2577 312 2647 Sed
337 2579 482 2660 Roma,
521 2589 558 2646 et
583 2590 789 2671 antequam
813 2582 987 2650 Nicaeae
1009 2584 1181 2681 Synodus

90 2682 327 2762 conveniret,
366 2703 392 2747 a
422 2675 650 2771 temporibus
678 2669 947 2775 Apostolorum
987 2705 1106 2779 usque
1135 2683 1181 2755 ad

89 2808 206 2866 nunc,
233 2793 271 2850 et
289 2771 354 2876 [ab
386 2775 518 2848 beatae
547 2781 748 2850 memoriae
770 2771 995 2877 Caelestino,
1038 2789 1100 2856 eui
1124 2776 1179 2885 sse

89 2899 214 2955 rectae
223 2877 322 2980 fidei
343 2868 589 2974 testimouium
606 2880 784 2966 reddidit,
811 2877 1058 2979 itafidelibus
1075 2887 1177 2987 Syra·

89 2985 217 3057 bolum
242 2982 420 3067 tradidit:
446 3005 513 3051 nec
535 2979 796 3075 praeiudieant
817 2981 950 3069 verba,
979 2984 1046 3057 ubi
1066 2981 1177 3088 [erasus

87 3086 280 3158 incolumis
300 3095 506 3177 permanet.
560 3083 734 3175 Symboli
758 3084 873 3157 huius
904 3088 1087 3161 meminit
1103 3095 1175 3163 tta·

86 3206 215 3259 rmus
232 3176 471 3282 Expofitioae
495 3184 532 3252 ia
549 3182 719 3281 Symbol.
742 3177 931 3281 apostolic.
959 3213 1113 3289 nosque
1135 3210 1174 3262 ex

87 3315 133 3362 eo
156 3287 284 3359 videre
315 3282 528 3381 pollumus,
559 3285 614 3356 ita
643 3284 743 3356 illud
772 3286 1031 3382 compositum
1057 3288 1172 3365 fuillet

54 3452 57 3457 .
87 3391 207 3460 Credo
231 3391 268 3457 in
283 3386 412 3458 Deum
434 3390 590 3457 Patrem
611 3389 919 3482 omnipotentem,
946 3405 985 3461 et
1005 3387 1171 3497 inlesum

86 3481 281 3587 Christum,
287 3484 419 3586 filium
433 3491 508 3559 eius
517 3490 760 3584 unigenitum,
778 3492 986 3562 Dominum
1001 3487 1168 3592 nostrum,

80 3595 148 3687 qui
164 3580 423 3686 conceptuscst
440 3590 486 3660 cle
500 3592 642 3685 Spiritu
661 3593 821 3674 Sancto,
849 3606 964 3664 natus
982 3617 1031 3665 eae
1047 3598 1168 3668 Maria

82 3697 248 3791 virgine,
290 3686 486 3789 crucifixus
501 3686 573 3790 jub
597 3693 733 3762 Pontio
757 3692 905 3780 Pilato,
947 3712 1119 3770 mortuus
1136 3706 1167 3766 et

76 3786 271 3893 sepultus:
288 3796 400 3863 tertia
415 3793 475 3861 die
490 3785 685 3890 resurrexit
701 3819 725 3861 a
735 3797 903 3879 mortuis,
915 3790 1108 3892 adscendit
1123 3795 1166 3868 ad

81 3899 246 3982 caelum,
264 3884 375 3990 sedet
405 3893 456 3963 ad
482 3894 657 3964 dextram
672 3894 748 3963 Dei
762 3897 907 3982 Patris,
936 3898 1024 3968 inde
1047 3913 1165 3972 uentu·

80 4024 145 4070 rus
167 3989 216 4094 est
240 3995 402 4065 iudicare
430 3997 535 4065 vivos
557 4008 594 4065 et
616 4010 794 4066 mortuos.
855 4002 907 4067 Et
930 4002 969 4067 ia
992 4000 1163 4096 Spiritum
1222 4008 1224 4047 ²

82 4102 282 4185 iunctura,
299 4089 477 4196 sarratam
493 4086 712 4194 Ecclefiara,
739 4101 830 4172 remi
857 4124 980 4177 zonara
1000 4114 1162 4197 peccato·
