2542 4724
31 3984 34 4049 l

419 289 507 369 ci
533 314 570 365 ε.
594 242 690 365 3111..
726 291 851 385 §.aa
1113 288 1190 371 uo

696 424 705 454 l
844 450 848 459 .

83 474 374 551 Heracleensem
388 476 613 572 archiepisc.
630 482 707 551 Sec
718 482 783 563 XI,
801 466 908 550 istam
925 477 1186 576 composuisse.

83 587 271 652 catenum
295 580 393 652 hauc
414 582 598 649 Patricius
613 583 743 651 Iunius
767 579 912 674 primus
938 605 1069 678 graece
1087 581 1188 661 ,iuris

83 681 234 776 publici
256 678 367 766 fecit,
406 704 509 753 nova
535 679 651 751 latina
676 680 988 775 interpretatione
1012 679 1188 755 instruxit

83 783 267 879 variaque
283 780 440 853 eddidit.
495 786 599 854 Haec
616 777 665 852 est
684 782 791 852 tertia
808 782 928 855 editio
948 808 1065 880 eaque
1084 785 1189 879 prin·
1247 796 1252 871 ζ

84 908 194 979 ceps,
222 884 331 956 cuius
346 884 480 955 titulus
497 878 565 954 est:
593 882 738 952 Catena
754 907 980 980 graecorum
998 888 1075 955 ΡΡ.
1096 887 1133 955 in
1150 880 1185 961 l.
1259 912 1263 924 ·

82 982 176 1072 tot,
214 985 408 1056 collectore
424 988 580 1068 Niceta‚
608 984 817 1055 Heracleae
837 985 1107 1081 Metropolita,
1140 1012 1188 1060 etc
1254 1058 1258 1069 ,

84 1082 234 1159 duobus
270 1079 400 1187 msptis
429 1083 607 1157 Bibliotlr.
641 1086 870 1157 Bodleianae
905 1086 1021 1156 codd.
1048 1113 1187 1187 graece

84 1213 184 1259 nunc
197 1189 365 1283 primunt
385 1190 422 1256 in
443 1187 560 1257 lucem
583 1187 684 1257 edita
709 1199 745 1256 et
773 1185 889 1281 latine
909 1182 1034 1288 verso,
1069 1176 1134 1285 opi
1149 1202 1187 1261 et

75 1278 179 1386 firtel.
192 1292 266 1381 Pa
276 1291 410 1359 tricii
424 1293 449 1357 1
456 1315 479 1359 u
489 1290 574 1372 nii,
592 1285 869 1359 Bibliothecurii
875 1292 995 1387 Regii.
1025 1280 1186 1388 Acceffit
1246 1366 1250 1383 .

84 1391 136 1461 acl
151 1389 298 1461 calcem
313 1402 436 1460 textas
453 1386 537 1460 lobi
557 1395 753 1476 στιχηρῶς,
781 1390 888 1460 iuxta
903 1414 1039 1461 acram·
1049 1406 1086 1460 et
1100 1415 1187 1489 ger.

85 1516 246 1563 inanum
283 1492 400 1561 LXX
445 1493 815 1586 interpretationem,
878 1515 925 1562 επ
973 1490 1185 1563 venerando

84 1591 340 1665 Bibliothecae
358 1595 485 1689 regiae
506 1586 626 1692 tnjpto
647 1593 762 1676 Cael,
796 1604 833 1662 et
856 1596 972 1663 totius
994 1591 1098 1672 orbis.
1117 1616 1187 1663 an·

85 1685 284 1792 tiquiffimo
304 1706 341 1764 et
353 1684 685 1793 praestantiffimo,
711 1692 839 1766 Lond.
861 1693 969 1768 1637.
995 1691 1067 1767 fol.

184 1866 589 1937 Btnrn.Connnn11
615 1854 810 1959 Expofitio
833 1866 910 1936 ΡΡ.
942 1889 1115 1963 graecor.
1147 1868 1186 1936 in

85 1958 278 2067 Psalmo5‚
311 1989 357 2035 ex
376 1956 544 2064 vetustiff
561 1959 697 2064 sacrae
725 1957 826 2064 Caefi
845 1958 993 2061 Maiest.
1014 1981 1050 2036 et
1067 1970 1186 2039 Ducis

85 2068 277 2139 navariae
294 2060 422 2166 msptis
439 2067 556 2136 Codri.
573 2068 776 2136 arcuatae
793 2070 1027 2152 concinnata,
1056 2071 1093 2138 iu
1111 2070 1185 2138 Po·

86 2159 303 2267 taphrofin,
339 2171 658 2238 Commentarium
679 2181 715 2237 et
734 2166 919 2238 Calenam
937 2160 1099 2266 digesta,
1128 2168 1208 2240 tass.

85 2274 236 2343 tinitate
249 2270 393 2339 donata
410 2283 446 2338 et
463 2265 766 2338 annotationibus
785 2258 981 2362 illustrata,
1000 2275 1181 2366 Antverp.

87 2369 314 2446 1643-46.
339 2375 403 2442 ΙΠ.
426 2369 508 2442 fol..
552 2369 761 2442 Exhibetur
778 2369 944 2463 primum
963 2369 1009 2439 ad
1028 2371 1185 2464 quosuis

85 2474 256 2547 Psalmos
276 2489 542 2571 argumentum
568 2489 605 2543 et
627 2468 856 2566 pataphrasrs
880 2468 1036 2569 inlignis
1061 2473 1186 2570 graeci

87 2574 274 2666 anonymi
291 2573 510 2670 Scriptorie‚
538 2598 613 2644 uua
630 2598 719 2643 cum
745 2570 953 2657 Theodori,
982 2577 1185 2649 Heracleae

84 2677 122 2749 in
138 2674 302 2750 Thracia
320 2675 461 2770 Episc,
490 2674 797 2758 Commentario,
837 2699 883 2746 ex
906 2672 1039 2769 nisptis
1064 2674 1184 2749 Codd.

86 2777 263 2874 Sequitur
287 2775 364 2870 ipsa
382 2781 519 2847 Catena
547 2802 593 2847 ex
619 2775 732 2847 variis
750 2774 914 2871 antiquis
933 2781 1001 2847 ΡΡ.
1030 2778 1184 2874 graecis,

87 2904 203 2974 quam
229 2877 433 2949 Corderius
457 2903 503 2948 ex
524 2876 630 2950 libris
655 2901 773 2948 mauu
799 2876 955 2949 exaratis
981 2879 1185 2965 recensuit3

87 2980 268 3052 ultimum
287 2998 414 3051 autem
430 2979 562 3053 locum
579 2996 709 3052 tenent
726 2978 894 3053 eiusdem
912 2980 1185 3054 annotationes

86 3082 123 3155 in
141 3079 312 3155 Psalmos
328 3078 508 3179 singulos.

184 3257 340 3326 raino.
357 3274 415 3322 nn
430 3255 575 3324 Purno
598 3254 741 3322 Catena
752 3272 867 3322 aurea
875 3242 991 3352 super
1005 3243 1185 3348 Psalmos‚

87 3379 184 3426 nunc
215 3353 337 3424 denuo
373 3380 397 3423 a
429 3354 571 3423 mendis
595 3347 716 3452 tersa5
757 3377 823 3423 nec
853 3377 927 3424 non
959 3355 1186 3450 Hieronymi

89 3456 335 3527 translatione
361 3454 505 3538 ditata,
554 3460 636 3525 Par.
653 3454 763 3530 1530.
790 3453 859 3525 fol.
901 3478 996 3549 quae
1025 3453 1186 3526 secunda

88 3556 205 3629 editio
225 3552 295 3627 ess'e
310 3555 482 3627 videtur:
501 3555 572 3626 alia
590 3557 692 3628 enim
708 3555 776 3626 sub
793 3555 927 3628 titulo:
957 3556 1101 3626 Cateno
1119 3581 1187 3625 au-

90 3652 291 3835 readuper
315 3651 484 3757 Psalrnos
507 3683 553 3728 ex
584 3659 691 3727 dictis
729 3657 957 3730 Sanctorum
983 3660 1059 3728 ΡΡ.
1101 3662 1183 3730 Par.

90 3760 159 3835 152
187 3814 199 3833 .
221 3760 260 3834 4.
286 3752 464 3855 prodiisse
480 3758 707 3855 perhibetur.
767 3858 770 3862 ι

183 3930 339 4004 Auors.
362 3933 611 4001 erourtum
637 3931 783 4001 Catena
807 3933 844 4000 in
863 3921 1032 4026 Psalmos
1051 3925 1091 3994 X
1109 3930 1185 4022 pri·

31 4110 33 4123 ¹
91 4058 207 4104 mores
230 4057 277 4103 ex
293 4031 517 4101 Auctoribus
534 4022 722 4128 ecclefiast.
740 4033 825 4126 plus
840 4033 959 4100 minus
977 4033 1099 4111 LXX,
1126 4032 1185 4098 iis-

90 4160 156 4227 que
172 4137 319 4231 partim
334 4136 498 4231 graecis,
531 4137 674 4228 partim
697 4133 824 4205 latinis
840 4156 1020 4205 connexa.
1074 4135 1186 4202 Nunc
