2542 4724
359 294 394 373 C
421 316 446 366 Α
473 316 510 367 a.
538 298 635 367 xtv.
687 295 722 386 §.
753 290 839 369 131.
1078 296 1155 377 7³9

60 480 182 559 notia
207 481 383 565 detineri,
411 480 533 552 donec
548 498 696 574 tempus
714 480 907 567 adveniat,
933 506 1011 577 quo
1032 484 1156 557 maxi·

59 610 150 659 mua
167 584 280 655 iudex
297 584 491 654 actionum
511 580 624 652 faeiat
639 606 814 665 exanren3
840 584 944 677 pios,
972 608 1090 678 quum
1107 588 1150 659 in

59 683 254 783 pristinam
276 684 394 755 vitam
417 680 489 755 sint
511 678 680 765 restituti,
707 707 772 775 per
794 685 921 781 ignem
946 710 1149 785 repurgan-

61 788 133 859 dos
160 810 202 857 ac
227 811 313 856 cum
333 780 492 868 Christo,
529 800 613 853 ante
636 782 820 855 iudicium
845 804 1070 872 extremum,
1104 789 1147 861 in

58 888 120 961 hie
156 888 261 959 terris
294 904 514 981 regnaturos
538 882 626 966 elle,
666 882 829 956 affirmat
854 886 953 957 Lilr.
976 894 1054 961 vtt.
1081 890 1148 959 In.

48 980 171 1089 stitut.
192 989 303 1057 rlirin.
317 994 415 1081 ·Cap.
436 986 492 1056 11.
511 1003 548 1057 et
563 987 614 1055 20
629 983 706 1079 sqq.

161 1096 308 1161 Praeter
330 1089 420 1157 haee
442 1085 527 1157 sunt
551 1084 659 1157 aliaa
683 1086 879 1158 Lactantio
899 1088 1026 1162 minus
1047 1110 1148 1165 recte

60 1207 101 1263 et
116 1208 284 1261 accurate
310 1190 424 1269 dicta,
453 1210 547 1281 quae
571 1212 651 1257 non
677 1204 824 1257 tantum
841 1188 888 1257 ad
904 1187 980 1281 ipsa
997 1192 1148 1293 religio·

58 1292 121 1365 nis
137 1288 282 1362 nostrae
301 1291 488 1386 dogmata,
507 1288 568 1359 sed
586 1289 697 1358 etiam
714 1290 760 1357 ad
777 1284 965 1359 historiam
982 1309 1018 1361 et
1034 1293 1150 1365 inter·

59 1392 312 1488 pretationem
337 1390 545 1481 scripturae
569 1394 603 1461 S.
629 1389 827 1485 pertinent.
883 1391 943 1461 Ad
969 1394 1149 1465 Camerina

62 1492 268 1591 Sibyllina,
302 1507 493 1584 tamquam
509 1509 756 1562 monumenta
779 1516 972 1587 germana,
1006 1518 1148 1588 provo·

60 1612 122 1669 eat
154 1591 252 1663 Libr.
276 1598 355 1663 VII.
384 1598 470 1685 Cap.
496 1590 543 1661 16
568 1591 643 1686 sqq.
702 1596 761 1662 De
787 1596 963 1664 Ilermete
989 1596 1149 1667 Trisme.

59 1684 158 1795 gifto
183 1694 406 1791 pronuntiat
431 1690 530 1763 Libr.
545 1698 606 1765 tv.
632 1696 720 1787 Cap.
739 1692 774 1765 9.
801 1695 835 1780 §.
855 1694 913 1776 3.,
939 1720 1027 1765 eum
1048 1696 1149 1771 veri·

59 1814 177 1869 tatem
198 1816 313 1889 paene
338 1792 546 1865 universam
567 1790 804 1889 investigaffe,
832 1795 1011 1867 virtutem
1033 1798 1149 1871 maie·

59 1892 266 1991 statemque
280 1895 390 1965 Verbi
409 1894 515 1987 saepe
540 1892 764 1987 descriplille.
814 1896 961 1965 Laudat
976 1921 1091 1990 porro
1109 1918 1148 1973 et

60 1998 199 2097 probat
213 1995 312 2067 Libr.
329 2002 388 2065 IV.
412 2000 497 2089 Cap.
515 1994 576 2065 21.
597 1997 631 2081 §.
646 1995 682 2063 ⁴2.
704 1996 1025 2068 Praedicotionem
1045 2002 1149 2075 Petri

60 2112 100 2171 et
116 2098 261 2181 Paulli,
288 2121 400 2191 quam
423 2111 547 2165 tamen
566 2092 634 2164 elie
649 2094 789 2165 librum
806 2098 1032 2181 conlictum,
1060 2101 1146 2175 latis

60 2194 114 2272 est
137 2216 320 2293 apertum.
370 2202 471 2267 Loca
490 2192 699 2289 scripturae
718 2202 751 2265 S.
771 2220 842 2265 nec
867 2216 1034 2269 accurate
1053 2200 1147 2273 sem·

59 2324 130 2397 per
146 2300 291 2381 excitat,
319 2322 389 2367 nec
405 2298 474 2368 rite
489 2298 763 2388 interpretatur.
790 2303 834 2367 Sc
850 2298 1024 2395 ignarum
1040 2298 1148 2377 fuille

60 2402 213 2501 linguae
233 2399 405 2481 ebraicae,
434 2398 670 2469 documentis
688 2393 924 2483 monstrarit,
950 2422 1045 2493 quae
1062 2404 1148 2479 luce

61 2500 332 2575 clarioraluut.
361 2500 552 2597 Originum
568 2499 673 2569 vocis
685 2493 887 2598 Pafcltatis,
906 2525 1000 2594 quae
1017 2503 1148 2583 ebraea

61 2598 134 2687 est,
178 2626 264 2673 cum
289 2604 486 2672 Amuoslo
518 2600 564 2669 cle
586 2594 778 2697 Pasclratis
804 2600 982 2673 Celebrat.
1007 2607 1148 2700 Cap.1,

62 2703 168 2775 ducit
192 2728 238 2773 ex
261 2703 409 2774 Graecia
433 2700 618 2795 huiusque
641 2702 756 2772 verbo
782 2704 936 2792 πάσχειν,
968 2703 1066 2777 Libr.
1083 2713 1146 2781 IV.

62 2810 151 2899 Cap.
169 2804 231 2875 26.
254 2806 289 2891 §.
305 2805 367 2876 [11).
418 2804 529 2875 Diem
548 2800 706 2873 sabbati
727 2804 854 2903 lingua
871 2805 1102 2879 Ebraeorum
1126 2834 1149 2883 a

60 2928 221 2977 numero
254 2928 395 2976 nomen
425 2903 616 2998 accepille,
661 2904 685 2974 s.
712 2929 849 2975 avoco
878 2920 968 2985 vzttt
988 2902 1149 3007 septem,

62 3030 152 3082 eum
168 3012 422 3076 Tunomuro
439 3009 725 3077 Aur1ocuruo
750 3008 802 3076 ad
816 3010 995 3107 Autolye.
1012 3014 1058 3095 11,
1086 3012 1146 3089 12.-

60 3124 173 3205 putat
198 3105 297 3176 tior.
315 3110 392 3177 VII.
421 3112 507 3201 Cap.
534 3104 591 3178 tt.
618 3109 654 3194 §.
672 3108 729 3191 8.;
766 3134 885 3202 quum
912 3128 1038 3181 tamen
1062 3110 1148 3185 satia

62 3204 226 3293 constat,
265 3218 397 3279 natum
423 3206 652 3278 vocabulum
680 3207 753 3279 hoc
776 3208 843 3281 elle
868 3236 887 3281 a
911 3212 1026 3283 verbo
1054 3229 1149 3293 mut

61 3310 210 3403 quievit.
264 3310 422 3379 atvero
445 3308 532 3379 licet
556 3309 646 3379 haec
668 3326 778 3404 atque
803 3312 873 3381 alia
897 3313 936 3382 in
962 3317 1149 3391 Lactantii

61 3410 208 3505 scriptis
242 3410 475 3481 inveniamus
510 3411 709 3481 averitate
731 3412 871 3498 aliena,
905 3416 1070 3509 aequitas
1093 3436 1150 3489 ta·

60 3536 150 3585 men
175 3506 354 3606 postulat,
382 3528 425 3581 ut
448 3508 549 3581 illius
567 3510 632 3581 liat
659 3511 866 3598 excusatio,
892 3514 1064 3609 inprimis
1082 3544 1150 3614 per

60 3606 272 3685 studiorum
298 3610 501 3693 rationem,
530 3612 665 3705 quibua
690 3612 885 3711 ingenium
911 3614 1020 3689 suum
1046 3646 1148 3691 exer·

62 3710 154 3785 cuit.
205 3717 248 3783 In
267 3728 343 3783 arte
359 3713 458 3783 enim
475 3712 657 3783 rhetorica
674 3731 784 3807 atque
801 3714 882 3787 aliis
900 3716 1069 3813 profanis
1087 3721 1148 3793 lit·

64 3812 155 3883 teris
180 3814 320 3883 diutius
344 3832 380 3884 et
401 3813 543 3884 maiore
568 3810 746 3884 industria
763 3816 927 3891 versatus
946 3817 1006 3903 el't,
1033 3846 1148 3917 quam

62 3912 105 3985 in
124 3912 229 3985 sacris
248 3913 460 4009 disciplinis.
513 3915 585 4011 Qui
602 3934 785 4009 practerea
804 3917 1011 4004 observant,
1035 3948 1147 4015 quae·

10 4076 12 4083 .
63 4014 152 4087 dam
170 4016 322 4087 mollius
342 4016 513 4109 explicari
530 4014 631 4109 polle
650 4034 687 4087 et
701 4020 907 4103 nonnulla,
931 4024 1059 4093 ceteris
1075 4032 1149 4097 La·

64 4116 265 4189 etantianis
290 4113 493 4205 diffinitio,
519 4116 564 4191 ab
583 4118 664 4191 aliis
683 4118 807 4191 addita
833 4120 919 4209 elle,
945 4148 1026 4197 nou
1044 4128 1151 4201 omni

762 4220 846 4293 47*
