2542 4724
256 368 259 373 ¹
361 274 442 345 cr
469 276 629 353 arun
682 270 832 364 auc.
1079 274 1157 359 rsa

14 520 19 533 .
55 481 146 535 non
171 478 335 544 omnes,
359 454 544 557 plerique
567 470 704 530 tamen
723 458 861 533 Patres
884 454 1153 557 consentiunt,

10 574 18 583 '
57 554 986 635 aliiautemdefendunturtantumanonnullis.
1012 562 1155 640 Causs'a

55 660 184 759 igitur
201 657 269 745 est,
298 684 369 731 cur
387 653 654 731 differentiam
670 658 814 733 harum
831 685 1049 758 pravarum
1066 666 1153 765 opi·
1262 672 1266 679 '

56 761 232 837 nionum
253 758 465 831 statuamus
493 784 537 831 ac
555 756 757 850 dicamus,
786 784 851 835 eas
875 758 951 835 effe
967 766 1035 837 vel
1050 793 1153 843 com.

56 888 205 948 mutteS,
233 860 299 935 vel
308 855 532 960 fingulares.
868 866 874 879 '

158 972 247 1037 Non
278 964 409 1035 desunt
435 966 604 1059 exetnpla
624 957 820 1062 Consenfus
836 968 996 1040 Patrnm
1021 971 1067 1043 de
1093 998 1151 1045 er·

55 1066 210 1141 roribus
233 1065 470 1158 quibusdam.
522 1070 779 1138 Provocemus
809 1066 856 1137 ad
881 1094 1035 1163 pravam
1062 1074 1152 1146 illo·

56 1192 147 1241 rum
165 1168 386 1261 opinionem
407 1165 452 1236 de
468 1161 563 1236 statu
581 1166 790 1238 animarum
806 1168 1053 1263 separatarum
1065 1194 1152 1249 ante

54 1267 367 1343 resurrectionem
402 1291 444 1337 ac
481 1268 665 1339 iudicium
706 1269 934 1341 universnm.
1001 1276 1038 1345 si
1069 1302 1150 1351 non

15 1418 20 1425 ·
57 1394 212 1453 omnes,
246 1370 414 1465 plerique
439 1385 565 1439 tamen
598 1368 831 1464 antiquiores
854 1368 1150 1452 Christianorum

54 1476 247 1547 Doctores
273 1465 545 1554 existimarunt,
575 1471 717 1541 animas
741 1471 893 1567 piorum
922 1493 1008 1547 ante
1031 1477 1149 1549 resur·

53 1573 264 1645 rectionem
287 1596 329 1642 ac
350 1571 534 1642 iudicium
559 1572 764 1643 universale
788 1573 890 1644 haud
910 1572 988 1645 frui
1004 1577 1148 1651 villone

54 1674 131 1749 Dei
155 1692 265 1768 atque
289 1672 329 1741 in
345 1674 454 1758 loce,
482 1698 594 1768 quem
617 1675 735 1745 modo
759 1670 999 1771 Paradisum,
1024 1680 1147 1753 modo

55 1778 189 1849 Sinum
212 1772 411 1859 Abi-altae,
452 1774 572 1844 modo
602 1776 676 1844 alio
710 1776 867 1847 nomine
900 1781 1148 1873 appellarunt,

56 1876 288 1949 commorari
310 1892 421 1969 atque
444 1874 497 1944 ibi
521 1872 703 1945 visionem
726 1877 797 1946 Dei
822 1876 1040 1971 exspectare.
1092 1882 1149 1955 Ea

55 2001 232 2073 quoque,
261 2000 355 2071 quae
379 1976 417 2044 in
435 1976 589 2046 illorum
612 1974 853 2071 dogmatibus
872 1982 1057 2052 contraria
1081 1980 1149 2055 fibi

53 2078 245 2163 videntur,
272 2077 474 2147 commode
492 2076 682 2146 conciliari
698 2075 857 2171 polluat,
887 2078 1065 2173 liquidem
1082 2108 1148 2155 co·

56 2180 241 2281 giemus,
266 2202 331 2249 eos
359 2178 546 2273 duplicem
571 2178 725 2271 quidem
745 2174 881 2249 statum
906 2179 1017 2275 iplius
1044 2206 1149 2277 prae·
1219 2188 1222 2195 '

36 2281 128 2357 unii
152 2304 194 2352 ac
208 2304 415 2375 poenarum
434 2304 502 2373 pro
522 2279 663 2372 duplici
682 2279 1147 2371 animarum-conditione.

56 2406 178 2479 quum
211 2399 276 2451 aut
308 2381 390 2475 piae
412 2378 501 2465 sint,
535 2398 601 2450 aut
629 2380 767 2475 impiae
808 2380 1003 2467 admisrlle,
1037 2382 1149 2459 fimul

53 2501 184 2557 tamen
207 2483 343 2581 gradus
367 2480 434 2553 elle
456 2479 645 2553 felicitatis
671 2498 839 2553 aeternae
870 2482 1021 2579 putaffe.
1072 2491 1148 2560 Pro

17 2650 27 2671 ,
55 2583 235 2687 gradibus
260 2584 317 2655 his
339 2584 527 2677 duplicem
552 2608 705 2680 quoqne
726 2585 879 2669 locum,
907 2611 1072 2680 quorum
1095 2591 1150 2661 al·

54 2702 182 2761 terum
198 2682 374 2755 dixerunt
389 2680 629 2786 Paradisum,
655 2687 813 2757 alterum
838 2685 961 2780 ipsum
981 2691 1149 2777 Coeltuu,

55 2786 253 2861 animabus
273 2805 358 2857 ante
378 2805 414 2859 et
431 2784 514 2882 pol't
530 2786 808 2859 resurrectionis
827 2804 974 2883 tempus
1000 2786 1151 2887 affigun-

10 2926 12 2935 ·
34 2946 37 2955 .
53 2906 160 2963 runt.
210 2895 289 2960 Nec
304 2888 427 2959 solum
436 2896 560 2960 Patres
576 2886 711 2960 statum
727 2890 934 2960 animarum
950 2888 1031 2985 poll
1046 2917 1149 2964 mor·

10 2996 15 3033 ³
55 3008 137 3063 tem
152 2990 320 3061 medium
341 2988 428 3075 elle,
457 2987 709 3075 affirmarunt,
736 3008 801 3061 aut
818 2990 945 3063 saltem
962 2992 1064 3063 haud
1080 2994 1151 3065 ob·

10 3094 15 3138 ³
56 3078 164 3165 lcure
186 3090 458 3187 fignificarunt,
486 3090 522 3163 se
539 3092 583 3162 ab
602 3092 784 3186 opinione
800 3092 869 3162 hac
889 3092 989 3164 haud
1007 3094 1149 3168 alienos

10 3206 13 3245 l
56 3190 146 3276 elle,
180 3218 312 3265 verunt
339 3194 452 3264 etiam
484 3194 627 3265 animas
652 3192 716 3263 ltas
738 3193 952 3289 perignem
979 3212 1151 3291 temporo

10 3302 18 3341 ²
54 3292 188 3367 iudicii
217 3294 433 3365 universalis
465 3296 635 3389 purgari,
672 3294 736 3365 fibi
764 3294 1032 3390 persuaserunt.
1090 3302 1151 3369 De

55 3394 212 3491 Origine
236 3394 322 3468 sartis
347 3396 420 3467 hoc
445 3392 606 3478 conllat,
641 3396 686 3465 ab
716 3396 791 3467 lroc
822 3412 947 3465 autem
979 3396 1151 3471 doctrina

54 3496 150 3569 haec
171 3495 218 3566 ad
235 3494 330 3568 alios
351 3498 526 3569 translata
545 3492 604 3567 est.
657 3504 805 3568 Praeter
827 3498 940 3579 alios,
967 3496 1009 3567 in
1027 3500 1151 3571 Eccle-

55 3594 108 3669 fra
129 3596 243 3669 latina
271 3597 418 3691 sequuti
442 3598 527 3668 sunt
553 3598 772 3693 opinionem
800 3599 897 3668 lranc
918 3602 1150 3687 Lactantius,

10 3776 20 3795 ,
55 3696 290 3781 Ambrosius,
317 3700 495 3781 Hilarius,
521 3700 779 3793 Hieronymus
795 3700 995 3795 atquessalii.
1046 3708 1152 3775 Num

15 3816 19 3821 '
54 3799 229 3873 Patribus
240 3797 534 3899 hisAugustinus
545 3800 910 3883 litaunumerandus,
928 3800 1149 3895 disputatur.

10 3909 18 3921 '
54 3896 256 3975 Affirmant
281 3900 578 3983 hocPontisrcii‚
611 3900 789 3973 nostrates
814 3922 940 3973 autem
959 3926 1000 3971 ac
1018 3902 1152 3974 llefot·

56 4002 151 4086 mati
162 4000 297 4072 urerito
310 4003 543 4099 lrocnegant.
563 3996 942 4099 Quaearlducuutilli‚
954 4000 1153 4101 Augustini

57 4098 274 4179 testimonia
294 4105 407 4199 plane
430 4104 526 4177 nihil
548 4104 731 4203 probant,
758 4108 814 4177 uti
830 4102 1150 4179 ellenduntAnr.
