2542 4724
81 264 174 347 5521
241 386 244 391 Ι
303 312 306 317 -
410 264 563 357 Can.
596 252 663 337 11.
715 258 839 351 §.94-

86 454 198 529 1701.
216 469 255 525 ct
274 452 315 525 in
331 452 412 527 eius
426 444 591 553 Differat.
607 452 705 523 varii
721 472 869 549 argum.
883 474 921 546 p.
933 450 969 525 1.
1022 440 1065 521 C.
1075 452 1172 521 Gan.

81 562 225 628 Buten
242 546 392 653 Differt.
406 556 592 647 quasdam
607 577 654 623 ecc
672 555 719 654 Q.
733 552 770 621 S.
789 557 831 626 F.
853 550 1086 621 Tertulliano
1103 552 1175 623 cal·

78 656 201 727 lectas
240 669 352 749 atque
397 646 598 750 illustratos
636 653 736 725 locos
777 651 1008 750 theologicos
1037 642 1174 749 ſssttas.

89 760 216 828 Hann.
236 758 344 828 1790.
371 752 428 840 4.,
456 755 657 849 opiniones
666 753 891 826 Tertulliani
909 752 955 825 de
965 759 1008 825 V.
1025 772 1064 823 et
1078 756 1125 826 N.
1134 756 1175 829 Τ..

88 880 298 949 corumque
317 856 422 928 libris
446 874 556 950 atque
578 857 718 925 harum
741 853 954 939 authentia,
990 854 1038 924 de
1067 853 1178 948 inspi-

81 957 255 1042 tatione,
292 956 338 1028 de
362 956 650 1040 traditionibus,
679 954 724 1025 de
748 955 903 1025 homine
925 954 1179 1026 innocentia

89 1076 304 1150 peccatore,
334 1058 380 1129 de
401 1056 657 1130 satisfactione
680 1056 835 1141 vicaria,
870 1054 917 1127 dc
941 1060 977 1129 S.
993 1060 1121 1128 Coena
1143 1071 1179 1127 ct

88 1154 303 1233 Noviffimis
321 1156 454 1231 sistens.

80 1308 86 1317 -
192 1258 238 1331 de
264 1263 573 1333 Tnnaoctttno
604 1285 647 1332 ac
678 1263 890 1331 Canauna
927 1256 1176 1343 coniunctim,

89 1384 255 1457 qnorum
274 1356 383 1435 effata
407 1364 562 1434 collecta
579 1387 621 1434 ac
636 1386 701 1456 per
721 1363 830 1433 locos
849 1360 1091 1453 theologicos
1109 1360 1180 1431 dit·

90 1458 211 1557 posita
236 1463 322 1532 [unt
342 1465 384 1533 in
401 1469 544 1534 Hmua.
563 1468 831 1535 Rtnniatnnt
854 1456 1088 1559 Tlteosopltia
1106 1462 1179 1556 μή·

87 1560 236 1663 [aarum
250 1567 427 1649 Patrem,
458 1564 677 1633 Tertulliani
694 1578 729 1633 et
748 1564 948 1659 Cypriani,
964 1558 1066 1659 fidei
1085 1562 1179 1631 anti·

93 1688 189 1757 qaae
214 1677 251 1733 et
265 1666 366 1734 vitae
391 1688 475 1735 vere
497 1654 615 1761 christ.
640 1679 741 1735 certa
766 1678 802 1732 et
816 1656 1007 1763 salutaria
1032 1662 1180 1731 tradem

42 1808 46 1823 ‚
91 1764 333 1849 documenta,
373 1788 393 1835 e
418 1769 662 1839 monumentis
692 1788 819 1836 eorum
836 1828 840 1835 .
847 1766 1008 1860 propriis
1037 1762 1180 1833 reddita

91 1877 129 1935 ct
148 1866 304 1935 recitata
325 1864 455 1951 verbio,
485 1866 593 1939 1620.
618 1866 656 1939 li.
707 1864 819 1937 Liber
842 1864 923 1949 hic,
947 1862 1180 1959 praefatione

91 1988 136 2035 ac
152 1966 315 2037 carmine
329 1967 511 2039 Meisneri
535 1964 690 2053 omissis,
716 1967 829 2039 variis
852 1967 963 2037 novis
982 1964 1106 2037 titulis
1124 1988 1180 2037 or·

82 2082 225 2150 natus,
251 2065 328 2161 ipse
353 2087 480 2139 autem
494 2068 636 2157 {litteris
650 2093 733 2140 non
745 2068 882 2139 iteruin
901 2064 1108 2162 descriptio
1123 2060 1177 2137 est.

91 2162 178 2241 Post
194 2168 355 2262 primam
372 2170 576 2241 editionem
594 2166 1037 2266 prodiitisteinscriptus:
1068 2166 1179 2237 Theo·

94 2266 198 2365 logia
207 2262 441 2367 speculativa
459 2286 496 2341 et
510 2275 698 2367 practica,
726 2296 772 2342 ex
787 2268 962 2343 Patribus
983 2265 1033 2337 ab
1052 2258 1179 2365 infigni

93 2370 257 2463 quatiant
295 2371 487 2469 Tlteologo
521 2373 675 2445 collecta
708 2388 750 2443 et·
772 2368 909 2466 publici
938 2372 1028 2439 iuris
1059 2368 1176 2461 jacta.

92 2470 253 2541 Vitemb.
276 2472 383 2545 1636.
411 2472 488 2544 line
509 2474 667 2547 nomine
692 2472 875 2556 auctoris;
931 2467 1029 2542 osten
1046 2470 1122 2541 hoc
1137 2468 1178 2539 ti·

92 2572 198 2642 tulo:
235 2574 408 2643 Medulla
433 2578 609 2660 Patroni,
637 2575 672 2647 lt.
694 2600 723 2647 e.
749 2496 942 2669 Conlensss
969 2571 1177 2641 harmonia·

94 2696 158 2741 cns
173 2675 330 2745 Petram
347 2670 440 2771 fidei
456 2680 631 2770 antiquae
647 2691 683 2749 et
697 2679 798 2746 citae
812 2698 895 2742 vere
912 2663 1050 2767 christ„
1080 2672 1176 2741 certis

91 2797 161 2869 per
177 2775 274 2845 lacos
290 2774 517 2873 theologicos
530 2776 793 2873 porismatihas
809 2765 1058 2870 catzfignatus,
1085 2784 1173 2843 certa

93 2888 132 2945 et
148 2868 331 2971 solatoria
350 2894 481 2948 contra
501 2874 726 2978 adversarios
744 2878 887 2971 quosvis
905 2876 1057 2945 tradens
1072 2874 1173 2945 docu-

92 2987 231 3045 menta.
283 2984 330 3051 In
341 2972 427 3076 fine
453 2981 606 3051 acltlt'tar
628 2980 835 3075 Tlteologia
863 2979 1035 3072 practica
1060 2978 1171 3047 eTcr·

93 3076 242 3149 tulliani
269 3094 305 3151 et
331 3084 511 3180 Cypriani
540 3084 698 3178 propriis
727 3077 846 3153 cerlis
879 3079 1120 3149 concinnatas
1140 3083 1169 3142 tl

95 3178 167 3247 laci
201 3172 382 3279 exposttns
413 3208 437 3251 a
470 3186 529 3255 M.
557 3189 686 3255 Herm.
717 3180 971 3253 Ratlnnanno.
1021 3173 1166 3253 Vitemb.

94 3275 220 3365 1655„
248 3284 313 3377 qui
330 3282 463 3357 titulus
479 3301 522 3355 ut
538 3280 775 3366 vitiosnscst‚
802 3283 854 3352 ita
870 3305 941 3351 nec
958 3297 1044 3373 apte
1060 3272 1136 3349 adl
1153 3307 1166 3325 ·

95 3403 182 3453 cum
205 3380 418 3456 faciendum
437 3387 687 3482 excogitatus.
741 3382 852 3455 Venit
876 3398 1066 3476 practerea
1089 3376 1165 3449 liba

94 3480 158 3553 hic
171 3484 212 3552 in
232 3484 472 3580 conspectant
488 3486 736 3561 Eruditorum
751 3485 817 3555 sub
832 3484 901 3553 hac
917 3480 1164 3575 inscriptione:

93 3574 325 3676 Aurifotlina
357 3590 517 3659 Petrum
548 3586 780 3685 theologica,
823 3598 919 3677 tam·
931 3576 1161 3683 speculativa,

94 3690 381 3781 intepretata,
410 3692 515 3758 certis
540 3713 607 3784 per
631 3690 730 3759 locos
754 3686 982 3782 theologicos
1003 3685 1164 3779 potisma-

94 3783 191 3857 tibus
212 3779 455 3885 configant&
482 3806 582 3859 certa
600 3816 646 3859 ac
664 3784 845 3885 solatoria
863 3800 995 3855 ctnttra
1013 3770 1163 3879 adversa·
1216 3774 1218 3793 '

93 3889 168 3955 rias
185 3892 330 3981 quosvis
345 3890 495 3959 tradens
512 3890 744 3973 documenta,
770 3916 794 3959 a
810 3888 935 3957 nntltis
953 3889 1030 3955 iant
1044 3882 1163 3955 clndtat

82 3976 310 4083 'defitlerata
362 3996 449 4059 Iam
471 4015 568 4060 nunc
588 4016 675 4064 aero
695 3990 743 4060 ab
760 3982 948 4086 itfigniori
965 3986 1122 4083 quodam
1137 3986 1163 4045 t'l

96 4086 141 4159 tle
154 4082 315 4189 Ecclcfia
325 4082 455 4193 Clitifii
469 4114 584 4185 quam
600 4084 824 4193 meritiffimo
842 4089 1034 4187 'l'lteologo
1049 4075 1162 4183 pattici
