<?xml version="1.0" encoding="UTF-8"?>
<!DOCTYPE html PUBLIC "-//W3C//DTD XHTML 1.0 Transitional//EN"
    "http://www.w3.org/TR/xhtml1/DTD/xhtml1-transitional.dtd">
<html xmlns="http://www.w3.org/1999/xhtml" xml:lang="en" lang="en">
 <head>
  <title>
</title>
<meta http-equiv="Content-Type" content="text/html;charset=utf-8" />
  <meta name='ocr-system' content='tesseract 3.04.00' />
  <meta name='ocr-capabilities' content='ocr_page ocr_carea ocr_par ocr_line ocrx_word'/>
</head>
<body>
  <div class='ocr_page' id='page_1' title='image "./iogeorgiiwalchi05walcgoog/iogeorgiiwalchi05walcgoog_0752.png"; bbox 0 0 2542 4724; ppageno 0'>
   <div class='ocr_carea' id='block_1_1' title="bbox 81 243 876 345">
    <p class='ocr_par' dir='ltr' id='par_1_1' title="bbox 81 243 876 345">
     <span class='ocr_line' id='line_1_1' title="bbox 81 243 876 345; baseline -0.024 -3"><span class='ocrx_word' id='word_1_1' title='bbox 81 258 163 343; x_wconf 74' lang='lat'><strong><em>744</em></strong></span> <span class='ocrx_word' id='word_1_2' title='bbox 355 250 675 331; x_wconf 72' lang='lat' dir='ltr'><strong><em>·ctv.xtv.</em></strong></span> <span class='ocrx_word' id='word_1_3' title='bbox 727 243 876 345; x_wconf 78' lang='lat'><strong>§.134-</strong></span> 
     </span>
    </p>
   </div>
   <div class='ocr_carea' id='block_1_2' title="bbox 72 432 1186 4175">
    <p class='ocr_par' dir='ltr' id='par_1_2' title="bbox 72 432 1186 4175">
     <span class='ocr_line' id='line_1_2' title="bbox 84 432 1172 547; baseline -0.013 -26"><span class='ocrx_word' id='word_1_4' title='bbox 84 476 123 547; x_wconf 81' lang='lat' dir='ltr'><strong><em>p.</em></strong></span> <span class='ocrx_word' id='word_1_5' title='bbox 147 435 408 530; x_wconf 79' lang='lat' dir='ltr'><strong><em>633.,&#39;0mn1a</em></strong></span> <span class='ocrx_word' id='word_1_6' title='bbox 432 466 452 511; x_wconf 84' lang='lat' dir='ltr'><strong><em>a</em></strong></span> <span class='ocrx_word' id='word_1_7' title='bbox 474 444 557 509; x_wconf 90' lang='lat' dir='ltr'><strong><em>Deo</em></strong></span> <span class='ocrx_word' id='word_1_8' title='bbox 576 437 785 535; x_wconf 81' lang='lat' dir='ltr'><strong><em>producta,</em></strong></span> <span class='ocrx_word' id='word_1_9' title='bbox 808 432 882 511; x_wconf 85' lang='lat' dir='ltr'><strong><em>five</em></strong></span> <span class='ocrx_word' id='word_1_10' title='bbox 898 432 975 507; x_wconf 76' lang='lat' dir='ltr'><strong><em>sint</em></strong></span> <span class='ocrx_word' id='word_1_11' title='bbox 991 434 1035 507; x_wconf 89' lang='lat' dir='ltr'><strong><em>in</em></strong></span> <span class='ocrx_word' id='word_1_12' title='bbox 1061 434 1172 521; x_wconf 77' lang='lat' dir='ltr'><strong><em>cadit,</em></strong></span> 
     </span>
     <span class='ocr_line' id='line_1_3' title="bbox 87 534 1174 633; baseline -0.013 -10"><span class='ocrx_word' id='word_1_13' title='bbox 87 550 162 623; x_wconf 87' lang='lat' dir='ltr'><strong><em>Iive</em></strong></span> <span class='ocrx_word' id='word_1_14' title='bbox 175 548 217 617; x_wconf 93' lang='lat' dir='ltr'><strong><em>in</em></strong></span> <span class='ocrx_word' id='word_1_15' title='bbox 233 564 350 629; x_wconf 84' lang='lat' dir='ltr'><strong><em>terra,</em></strong></span> <span class='ocrx_word' id='word_1_16' title='bbox 376 538 443 617; x_wconf 76' lang='lat' dir='ltr'><strong><em>effe</em></strong></span> <span class='ocrx_word' id='word_1_17' title='bbox 460 534 675 611; x_wconf 74' lang='lat' dir='ltr'>substantias</span> <span class='ocrx_word' id='word_1_18' title='bbox 692 560 911 633; x_wconf 83' lang='lat' dir='ltr'><strong><em>corporeas,</em></strong></span> <span class='ocrx_word' id='word_1_19' title='bbox 940 538 1099 631; x_wconf 86' lang='lat' dir='ltr'><strong>hocque</strong></span> <span class='ocrx_word' id='word_1_20' title='bbox 1114 562 1174 609; x_wconf 86' lang='lat' dir='ltr'><strong><em>no·</em></strong></span> 
     </span>
     <span class='ocr_line' id='line_1_4' title="bbox 88 638 1175 735; baseline -0.012 -13"><span class='ocrx_word' id='word_1_21' title='bbox 88 650 192 723; x_wconf 88' lang='lat' dir='ltr'><strong><em>mine</em></strong></span> <span class='ocrx_word' id='word_1_22' title='bbox 209 646 321 719; x_wconf 81' lang='lat' dir='ltr'><strong><em>etiam</em></strong></span> <span class='ocrx_word' id='word_1_23' title='bbox 338 648 615 715; x_wconf 72' lang='lat' dir='ltr'><strong><em>nCatnninno</em></strong></span> <span class='ocrx_word' id='word_1_24' title='bbox 626 646 847 735; x_wconf 55' lang='lat' dir='ltr'><strong><em>Memento</em></strong></span> <span class='ocrx_word' id='word_1_25' title='bbox 858 640 883 709; x_wconf 91' lang='lat' dir='ltr'><strong><em>l.</em></strong></span> <span class='ocrx_word' id='word_1_26' title='bbox 897 664 926 709; x_wconf 83' lang='lat' dir='ltr'><strong><em>c.</em></strong></span> <span class='ocrx_word' id='word_1_27' title='bbox 938 638 1175 733; x_wconf 70' lang='lat' dir='ltr'><strong><em>reptehendi·</em></strong></span> 
     </span>
     <span class='ocr_line' id='line_1_5' title="bbox 89 736 1177 835; baseline -0.012 -13"><span class='ocrx_word' id='word_1_28' title='bbox 89 768 166 823; x_wconf 90' lang='lat' dir='ltr'><strong><em>tur.</em></strong></span> <span class='ocrx_word' id='word_1_29' title='bbox 194 744 391 819; x_wconf 76' lang='lat' dir='ltr'><strong><em>Sedmultn</em></strong></span> <span class='ocrx_word' id='word_1_30' title='bbox 402 741 470 812; x_wconf 81' lang='lat' dir='ltr'><strong><em>alin</em></strong></span> <span class='ocrx_word' id='word_1_31' title='bbox 482 738 861 825; x_wconf 78' lang='lat' dir='ltr'><strong><em>Hilariilocandsunt,</em></strong></span> <span class='ocrx_word' id='word_1_32' title='bbox 879 736 1024 835; x_wconf 80' lang='lat' dir='ltr'><strong><em>quibus</em></strong></span> <span class='ocrx_word' id='word_1_33' title='bbox 1033 736 1177 835; x_wconf 78' lang='lat' dir='ltr'><strong><em>probari</em></strong></span> 
     </span>
     <span class='ocr_line' id='line_1_6' title="bbox 90 839 1176 948; baseline -0.008 -28"><span class='ocrx_word' id='word_1_34' title='bbox 90 844 232 948; x_wconf 79' lang='lat' dir='ltr'><strong><em>potest,</em></strong></span> <span class='ocrx_word' id='word_1_35' title='bbox 260 870 347 916; x_wconf 86' lang='lat' dir='ltr'><strong><em>enm</em></strong></span> <span class='ocrx_word' id='word_1_36' title='bbox 369 866 450 911; x_wconf 88' lang='lat' dir='ltr'><strong><em>non</em></strong></span> <span class='ocrx_word' id='word_1_37' title='bbox 476 843 599 911; x_wconf 78' lang='lat' dir='ltr'>[olum</span> <span class='ocrx_word' id='word_1_38' title='bbox 621 846 766 924; x_wconf 87' lang='lat' dir='ltr'><strong><em>Deum,</em></strong></span> <span class='ocrx_word' id='word_1_39' title='bbox 794 839 854 910; x_wconf 84' lang='lat' dir='ltr'><strong><em>sed</em></strong></span> <span class='ocrx_word' id='word_1_40' title='bbox 879 840 997 911; x_wconf 83' lang='lat' dir='ltr'><strong><em>etiam</em></strong></span> <span class='ocrx_word' id='word_1_41' title='bbox 1015 842 1176 937; x_wconf 66' lang='lat' dir='ltr'><strong><em>Angelos</em></strong></span> 
     </span>
     <span class='ocr_line' id='line_1_7' title="bbox 92 938 1177 1043; baseline -0.01 -23"><span class='ocrx_word' id='word_1_42' title='bbox 92 968 206 1043; x_wconf 82' lang='lat' dir='ltr'><strong><em>atque</em></strong></span> <span class='ocrx_word' id='word_1_43' title='bbox 230 948 374 1015; x_wconf 82' lang='lat' dir='ltr'><strong><em>animas</em></strong></span> <span class='ocrx_word' id='word_1_44' title='bbox 399 940 558 1013; x_wconf 71' lang='lat' dir='ltr'><strong><em>retulisse</em></strong></span> <span class='ocrx_word' id='word_1_45' title='bbox 581 943 678 1013; x_wconf 85' lang='lat' dir='ltr'><strong><em>inter</em></strong></span> <span class='ocrx_word' id='word_1_46' title='bbox 694 938 909 1013; x_wconf 79' lang='lat' dir='ltr'><strong><em>snbstantias</em></strong></span> <span class='ocrx_word' id='word_1_47' title='bbox 925 942 1113 1013; x_wconf 80' lang='lat' dir='ltr'><strong><em>materiae</em></strong></span> <span class='ocrx_word' id='word_1_48' title='bbox 1127 964 1177 1011; x_wconf 86' lang='lat' dir='ltr'><strong><em>ex·</em></strong></span> 
     </span>
     <span class='ocr_line' id='line_1_8' title="bbox 90 1040 1177 1147; baseline -0.009 -26"><span class='ocrx_word' id='word_1_49' title='bbox 90 1067 226 1147; x_wconf 79' lang='lat' dir='ltr'><strong><em>partes.</em></strong></span> <span class='ocrx_word' id='word_1_50' title='bbox 280 1050 338 1115; x_wconf 87' lang='lat' dir='ltr'><strong><em>De</em></strong></span> <span class='ocrx_word' id='word_1_51' title='bbox 356 1042 497 1117; x_wconf 77' lang='lat' dir='ltr'><strong><em>iudicio</em></strong></span> <span class='ocrx_word' id='word_1_52' title='bbox 521 1060 687 1121; x_wconf 77' lang='lat' dir='ltr'><strong><em>extremo</em></strong></span> <span class='ocrx_word' id='word_1_53' title='bbox 714 1042 857 1125; x_wconf 86' lang='lat' dir='ltr'><strong><em>docuit,</em></strong></span> <span class='ocrx_word' id='word_1_54' title='bbox 888 1066 986 1137; x_wconf 84' lang='lat' dir='ltr'><strong><em>quae</em></strong></span> <span class='ocrx_word' id='word_1_55' title='bbox 1011 1042 1109 1113; x_wconf 82' lang='lat' dir='ltr'><strong><em>dura</em></strong></span> <span class='ocrx_word' id='word_1_56' title='bbox 1133 1040 1177 1111; x_wconf 79' lang='lat' dir='ltr'><strong><em>[e-</em></strong></span> 
     </span>
     <span class='ocr_line' id='line_1_9' title="bbox 72 1136 1177 1243; baseline -0.007 -22"><span class='ocrx_word' id='word_1_57' title='bbox 72 1142 512 1243; x_wconf 19' lang='lat' dir='ltr'><strong><em>utisacperiaulasasnnt.</em></strong></span> <span class='ocrx_word' id='word_1_58' title='bbox 565 1143 808 1219; x_wconf 81' lang='lat' dir='ltr'><strong><em>Scribitenim</em></strong></span> <span class='ocrx_word' id='word_1_59' title='bbox 820 1136 1177 1239; x_wconf 81' lang='lat' dir='ltr'><strong><em>Tract.inPsalnt.1.</em></strong></span> 
     </span>
     <span class='ocr_line' id='line_1_10' title="bbox 93 1230 1179 1347; baseline -0.006 -29"><span class='ocrx_word' id='word_1_60' title='bbox 93 1276 134 1347; x_wconf 87' lang='lat' dir='ltr'><strong><em>p.</em></strong></span> <span class='ocrx_word' id='word_1_61' title='bbox 159 1246 210 1329; x_wconf 66' lang='lat'><strong><em>24</em></strong></span> <span class='ocrx_word' id='word_1_62' title='bbox 230 1230 306 1341; x_wconf 71' lang='lat' dir='ltr'><strong><em>iq„</em></strong></span> <span class='ocrx_word' id='word_1_63' title='bbox 333 1250 460 1321; x_wconf 87' lang='lat' dir='ltr'><strong><em>Deum</em></strong></span> <span class='ocrx_word' id='word_1_64' title='bbox 475 1269 544 1315; x_wconf 90' lang='lat' dir='ltr'><strong><em>nec</em></strong></span> <span class='ocrx_word' id='word_1_65' title='bbox 562 1246 667 1340; x_wconf 72' lang='lat' dir='ltr'><strong><em>pios,</em></strong></span> <span class='ocrx_word' id='word_1_66' title='bbox 691 1270 761 1316; x_wconf 85' lang='lat' dir='ltr'><strong><em>nec</em></strong></span> <span class='ocrx_word' id='word_1_67' title='bbox 775 1244 915 1338; x_wconf 83' lang='lat' dir='ltr'><strong><em>impios</em></strong></span> <span class='ocrx_word' id='word_1_68' title='bbox 930 1244 1116 1321; x_wconf 77' lang='lat' dir='ltr'><strong><em>homines</em></strong></span> <span class='ocrx_word' id='word_1_69' title='bbox 1130 1243 1179 1313; x_wconf 84' lang='lat' dir='ltr'><strong><em>iu·</em></strong></span> 
     </span>
     <span class='ocr_line' id='line_1_11' title="bbox 96 1342 1178 1441; baseline -0.005 -23"><span class='ocrx_word' id='word_1_70' title='bbox 96 1351 309 1421; x_wconf 83' lang='lat' dir='ltr'><strong><em>dicaturum</em></strong></span> <span class='ocrx_word' id='word_1_71' title='bbox 341 1342 426 1430; x_wconf 82' lang='lat' dir='ltr'><strong><em>effe,</em></strong></span> <span class='ocrx_word' id='word_1_72' title='bbox 461 1344 523 1417; x_wconf 82' lang='lat' dir='ltr'><strong><em>sed</em></strong></span> <span class='ocrx_word' id='word_1_73' title='bbox 555 1371 640 1431; x_wconf 87' lang='lat' dir='ltr'><strong><em>eos,</em></strong></span> <span class='ocrx_word' id='word_1_74' title='bbox 665 1346 731 1441; x_wconf 91' lang='lat' dir='ltr'><strong><em>qui</em></strong></span> <span class='ocrx_word' id='word_1_75' title='bbox 756 1350 850 1421; x_wconf 84' lang='lat' dir='ltr'><strong><em>inter</em></strong></span> <span class='ocrx_word' id='word_1_76' title='bbox 873 1348 1010 1439; x_wconf 85' lang='lat' dir='ltr'><strong><em>impios</em></strong></span> <span class='ocrx_word' id='word_1_77' title='bbox 1034 1349 1178 1439; x_wconf 80' lang='lat' dir='ltr'><strong><em>piosque</em></strong></span> 
     </span>
     <span class='ocr_line' id='line_1_12' title="bbox 94 1438 1179 1545; baseline -0.007 -24"><span class='ocrx_word' id='word_1_78' title='bbox 94 1450 207 1524; x_wconf 80' lang='lat' dir='ltr'><strong><em>medii</em></strong></span> <span class='ocrx_word' id='word_1_79' title='bbox 226 1438 324 1545; x_wconf 81' lang='lat' dir='ltr'><strong><em>fint,</em></strong></span> <span class='ocrx_word' id='word_1_80' title='bbox 357 1471 403 1525; x_wconf 75' lang='lat' dir='ltr'><strong><em>ea</em></strong></span> <span class='ocrx_word' id='word_1_81' title='bbox 434 1461 588 1539; x_wconf 82' lang='lat' dir='ltr'><strong><em>utroque</em></strong></span> <span class='ocrx_word' id='word_1_82' title='bbox 615 1448 783 1525; x_wconf 71' lang='lat' dir='ltr'><strong><em>adnziati.</em></strong></span> <span class='ocrx_word' id='word_1_83' title='bbox 834 1446 1085 1541; x_wconf 81' lang='lat' dir='ltr'><strong><em>Baptismum</em></strong></span> <span class='ocrx_word' id='word_1_84' title='bbox 1108 1466 1179 1515; x_wconf 88' lang='lat' dir='ltr'><strong><em>non</em></strong></span> 
     </span>
     <span class='ocr_line' id='line_1_13' title="bbox 97 1542 1179 1642; baseline -0.004 -21"><span class='ocrx_word' id='word_1_85' title='bbox 97 1550 228 1629; x_wconf 79' lang='lat' dir='ltr'><strong><em>amnia</em></strong></span> <span class='ocrx_word' id='word_1_86' title='bbox 251 1548 405 1619; x_wconf 84' lang='lat' dir='ltr'><strong><em>crimine</em></strong></span> <span class='ocrx_word' id='word_1_87' title='bbox 432 1542 555 1619; x_wconf 85' lang='lat' dir='ltr'><strong><em>nostra</em></strong></span> <span class='ocrx_word' id='word_1_88' title='bbox 578 1550 712 1627; x_wconf 76' lang='lat' dir='ltr'><strong><em>tulleta</em></strong></span> <span class='ocrx_word' id='word_1_89' title='bbox 728 1546 869 1642; x_wconf 81' lang='lat' dir='ltr'><strong><em>hacque</em></strong></span> <span class='ocrx_word' id='word_1_90' title='bbox 888 1547 934 1617; x_wconf 88' lang='lat' dir='ltr'><strong><em>de</em></strong></span> <span class='ocrx_word' id='word_1_91' title='bbox 956 1544 1083 1621; x_wconf 82' lang='lat' dir='ltr'>cauffa</span> <span class='ocrx_word' id='word_1_92' title='bbox 1097 1564 1179 1617; x_wconf 86' lang='lat' dir='ltr'><strong><em>tem·</em></strong></span> 
     </span>
     <span class='ocr_line' id='line_1_14' title="bbox 95 1644 1180 1751; baseline -0.008 -28"><span class='ocrx_word' id='word_1_93' title='bbox 95 1676 192 1751; x_wconf 80' lang='lat' dir='ltr'><strong><em>pore</em></strong></span> <span class='ocrx_word' id='word_1_94' title='bbox 215 1648 345 1727; x_wconf 81' lang='lat' dir='ltr'><strong><em>indicii</em></strong></span> <span class='ocrx_word' id='word_1_95' title='bbox 366 1650 529 1743; x_wconf 79' lang='lat' dir='ltr'>supremi</span> <span class='ocrx_word' id='word_1_96' title='bbox 553 1674 684 1721; x_wconf 82' lang='lat' dir='ltr'><strong><em>omnes</em></strong></span> <span class='ocrx_word' id='word_1_97' title='bbox 699 1644 765 1745; x_wconf 79' lang='lat' dir='ltr'><strong><em>per</em></strong></span> <span class='ocrx_word' id='word_1_98' title='bbox 781 1648 794 1718; x_wconf 91' lang='lat' dir='ltr'><strong><em>i</em></strong></span> <span class='ocrx_word' id='word_1_99' title='bbox 821 1673 907 1718; x_wconf 86' lang='lat' dir='ltr'><strong><em>nem</em></strong></span> <span class='ocrx_word' id='word_1_100' title='bbox 926 1649 1045 1741; x_wconf 82' lang='lat' dir='ltr'>plene</span> <span class='ocrx_word' id='word_1_101' title='bbox 1060 1670 1180 1741; x_wconf 85' lang='lat' dir='ltr'>repur-</span> 
     </span>
     <span class='ocr_line' id='line_1_15' title="bbox 98 1673 1180 1851; baseline -0.005 -30"><span class='ocrx_word' id='word_1_102' title='bbox 98 1750 244 1851; x_wconf 84' lang='lat' dir='ltr'>gandos</span> <span class='ocrx_word' id='word_1_103' title='bbox 269 1746 346 1835; x_wconf 82' lang='lat' dir='ltr'><strong><em>effe,</em></strong></span> <span class='ocrx_word' id='word_1_104' title='bbox 369 1768 479 1843; x_wconf 83' lang='lat' dir='ltr'><strong><em>putat</em></strong></span> <span class='ocrx_word' id='word_1_105' title='bbox 506 1754 673 1821; x_wconf 80' lang='lat' dir='ltr'><strong><em>Tractat.</em></strong></span> <span class='ocrx_word' id='word_1_106' title='bbox 699 1754 736 1821; x_wconf 88' lang='lat' dir='ltr'><strong><em>in</em></strong></span> <span class='ocrx_word' id='word_1_107' title='bbox 759 1673 900 1847; x_wconf 49' lang='lat' dir='ltr'><strong><em>Pfalnn</em></strong></span> <span class='ocrx_word' id='word_1_108' title='bbox 921 1754 978 1819; x_wconf 92' lang='lat' dir='ltr'><strong><em>II.</em></strong></span> <span class='ocrx_word' id='word_1_109' title='bbox 1002 1750 1043 1821; x_wconf 88' lang='grc'><strong><em>8.</em></strong></span> <span class='ocrx_word' id='word_1_110' title='bbox 1064 1744 1180 1817; x_wconf 72' lang='lat' dir='ltr'><strong><em>ticet</em></strong></span> 
     </span>
     <span class='ocr_line' id='line_1_16' title="bbox 96 1841 1180 1945; baseline -0.006 -24"><span class='ocrx_word' id='word_1_111' title='bbox 96 1841 282 1943; x_wconf 62' lang='lat' dir='ltr'><strong><em>aurn5&#39;12.</em></strong></span> <span class='ocrx_word' id='word_1_112' title='bbox 307 1876 345 1945; x_wconf 88' lang='lat' dir='ltr'><strong><em>p.</em></strong></span> <span class='ocrx_word' id='word_1_113' title='bbox 368 1850 454 1923; x_wconf 78' lang='lat'><strong>261.</strong></span> <span class='ocrx_word' id='word_1_114' title='bbox 507 1856 610 1923; x_wconf 85' lang='lat' dir='ltr'><strong><em>Haec</em></strong></span> <span class='ocrx_word' id='word_1_115' title='bbox 633 1852 733 1925; x_wconf 87' lang='lat' dir='ltr'><strong><em>enim</em></strong></span> <span class='ocrx_word' id='word_1_116' title='bbox 759 1852 838 1923; x_wconf 83' lang='lat' dir='ltr'><strong><em>eius</em></strong></span> <span class='ocrx_word' id='word_1_117' title='bbox 862 1849 951 1921; x_wconf 82' lang='lat' dir='ltr'><strong><em>sunt</em></strong></span> <span class='ocrx_word' id='word_1_118' title='bbox 974 1848 1113 1921; x_wconf 80' lang='lat' dir='ltr'><strong><em>verba:</em></strong></span> <span class='ocrx_word' id='word_1_119' title='bbox 1140 1850 1180 1917; x_wconf 93' lang='lat' dir='ltr'><strong><em>In</em></strong></span> 
     </span>
     <span class='ocr_line' id='line_1_17' title="bbox 98 1942 1181 2051; baseline -0.006 -28"><span class='ocrx_word' id='word_1_120' title='bbox 98 1976 187 2049; x_wconf 81' lang='lat' dir='ltr'><em>quo,</em></span> <span class='ocrx_word' id='word_1_121' title='bbox 212 1950 258 2021; x_wconf 82' lang='lat' dir='ltr'><strong><em>sc.</em></strong></span> <span class='ocrx_word' id='word_1_122' title='bbox 285 1950 345 2023; x_wconf 88' lang='lat' dir='ltr'><strong><em>die</em></strong></span> <span class='ocrx_word' id='word_1_123' title='bbox 356 1950 507 2035; x_wconf 82' lang='lat' dir='ltr'><strong><em>indicii,</em></strong></span> <span class='ocrx_word' id='word_1_124' title='bbox 533 1950 636 2025; x_wconf 78' lang='lat' dir='ltr'><strong><em>nabis</em></strong></span> <span class='ocrx_word' id='word_1_125' title='bbox 651 1978 670 2023; x_wconf 81' lang='lat' dir='ltr'><strong><em>e</em></strong></span> <span class='ocrx_word' id='word_1_126' title='bbox 685 1965 701 2023; x_wconf 90' lang='lat' dir='ltr'><strong><em>t</em></strong></span> <span class='ocrx_word' id='word_1_127' title='bbox 716 1942 908 2051; x_wconf 73' lang='lat' dir='ltr'><strong><em>indestffus</em></strong></span> <span class='ocrx_word' id='word_1_128' title='bbox 924 1950 985 2027; x_wconf 81' lang='lat' dir='ltr'><strong><em>ille</em></strong></span> <span class='ocrx_word' id='word_1_129' title='bbox 1009 1952 1112 2048; x_wconf 80' lang='lat' dir='ltr'><strong><em>ignis</em></strong></span> <span class='ocrx_word' id='word_1_130' title='bbox 1126 1944 1181 2019; x_wconf 75' lang='lat' dir='ltr'><strong><em>ob-</em></strong></span> 
     </span>
     <span class='ocr_line' id='line_1_18' title="bbox 98 2046 1182 2153; baseline -0.006 -30"><span class='ocrx_word' id='word_1_131' title='bbox 98 2054 259 2137; x_wconf 81' lang='lat' dir='ltr'><strong><em>eundus,</em></strong></span> <span class='ocrx_word' id='word_1_132' title='bbox 284 2054 331 2151; x_wconf 85' lang='lat' dir='ltr'><strong><em>in¹</em></strong></span> <span class='ocrx_word' id='word_1_133' title='bbox 345 2076 416 2147; x_wconf 82' lang='lat' dir='ltr'><strong><em>quo</em></strong></span> <span class='ocrx_word' id='word_1_134' title='bbox 431 2046 626 2153; x_wconf 80' lang='lat' dir='ltr'><strong><em>subeunda</em></strong></span> <span class='ocrx_word' id='word_1_135' title='bbox 657 2068 723 2124; x_wconf 80' lang='lat' dir='ltr'><strong><em>unt</em></strong></span> <span class='ocrx_word' id='word_1_136' title='bbox 741 2056 876 2151; x_wconf 83' lang='lat' dir='ltr'><strong><em>gravia</em></strong></span> <span class='ocrx_word' id='word_1_137' title='bbox 892 2050 959 2123; x_wconf 83' lang='lat' dir='ltr'><strong><em>illa</em></strong></span> <span class='ocrx_word' id='word_1_138' title='bbox 975 2050 1182 2147; x_wconf 78' lang='lat' dir='ltr'><strong><em>expiandae</em></strong></span> 
     </span>
     <span class='ocr_line' id='line_1_19' title="bbox 98 2144 1182 2255; baseline -0.006 -28"><span class='ocrx_word' id='word_1_139' title='bbox 98 2158 249 2227; x_wconf 83' lang='lat' dir='ltr'><strong><em>animae</em></strong></span> <span class='ocrx_word' id='word_1_140' title='bbox 269 2144 468 2255; x_wconf 83' lang='lat' dir='ltr'><strong><em>supplicia.</em></strong></span> <span class='ocrx_word' id='word_1_141' title='bbox 537 2160 680 2227; x_wconf 83' lang='lat' dir='ltr'><strong><em>Beatae</em></strong></span> <span class='ocrx_word' id='word_1_142' title='bbox 712 2160 864 2227; x_wconf 83' lang='lat' dir='ltr'><strong><em>Mariae</em></strong></span> <span class='ocrx_word' id='word_1_143' title='bbox 897 2154 1075 2225; x_wconf 82' lang='lat' dir='ltr'><strong><em>animam</em></strong></span> <span class='ocrx_word' id='word_1_144' title='bbox 1115 2150 1182 2220; x_wconf 68' lang='lat' dir='ltr'><strong><em>‹rta-</em></strong></span> 
     </span>
     <span class='ocr_line' id='line_1_20' title="bbox 99 2252 1182 2353; baseline -0.007 -27"><span class='ocrx_word' id='word_1_145' title='bbox 99 2256 182 2327; x_wconf 79' lang='lat' dir='ltr'><strong><em>dins</em></strong></span> <span class='ocrx_word' id='word_1_146' title='bbox 203 2252 462 2353; x_wconf 74' lang='lat' dir='ltr'><strong><em>pertransibit,</em></strong></span> <span class='ocrx_word' id='word_1_147' title='bbox 498 2271 540 2328; x_wconf 83' lang='lat' dir='ltr'><strong><em>nt</em></strong></span> <span class='ocrx_word' id='word_1_148' title='bbox 564 2258 767 2334; x_wconf 77' lang='lat' dir='ltr'><strong><em>revelentur</em></strong></span> <span class='ocrx_word' id='word_1_149' title='bbox 789 2254 994 2327; x_wconf 77' lang='lat' dir='ltr'><strong><em>inultorum</em></strong></span> <span class='ocrx_word' id='word_1_150' title='bbox 1023 2276 1091 2323; x_wconf 83' lang='lat' dir='ltr'><strong><em>cor</em></strong></span> <span class='ocrx_word' id='word_1_151' title='bbox 1116 2256 1182 2323; x_wconf 78' lang='lat' dir='ltr'><strong><em>itan</em></strong></span> 
     </span>
     <span class='ocr_line' id='line_1_21' title="bbox 99 2350 1183 2454; baseline -0.001 -30"><span class='ocrx_word' id='word_1_152' title='bbox 99 2358 357 2454; x_wconf 72' lang='lat' dir='ltr'><strong><em>cogitationes.</em></strong></span> <span class='ocrx_word' id='word_1_153' title='bbox 419 2356 460 2426; x_wconf 84' lang='lat' dir='ltr'><strong><em>Si</em></strong></span> <span class='ocrx_word' id='word_1_154' title='bbox 492 2361 528 2428; x_wconf 89' lang='lat' dir='ltr'><strong><em>in</em></strong></span> <span class='ocrx_word' id='word_1_155' title='bbox 561 2360 682 2435; x_wconf 81' lang='lat' dir='ltr'><strong><em>indicii</em></strong></span> <span class='ocrx_word' id='word_1_156' title='bbox 725 2360 939 2433; x_wconf 70' lang='lat' dir='ltr'><strong><em>teneritatem</em></strong></span> <span class='ocrx_word' id='word_1_157' title='bbox 965 2378 1098 2449; x_wconf 71' lang='lat' dir='ltr'><strong><em>capax</em></strong></span> <span class='ocrx_word' id='word_1_158' title='bbox 1125 2350 1183 2423; x_wconf 70' lang='lat' dir='ltr'><strong><em>itta</em></strong></span> 
     </span>
     <span class='ocr_line' id='line_1_22' title="bbox 99 2450 1183 2555; baseline -0.01 -22"><span class='ocrx_word' id='word_1_159' title='bbox 99 2460 175 2533; x_wconf 86' lang='lat' dir='ltr'><strong><em>Dei</em></strong></span> <span class='ocrx_word' id='word_1_160' title='bbox 201 2456 323 2553; x_wconf 78' lang='lat' dir='ltr'><strong><em>Virgo</em></strong></span> <span class='ocrx_word' id='word_1_161' title='bbox 346 2472 503 2531; x_wconf 80' lang='lat' dir='ltr'><strong><em>ventura</em></strong></span> <span class='ocrx_word' id='word_1_162' title='bbox 530 2450 599 2555; x_wconf 67' lang='lat' dir='ltr'><strong><em>est,</em></strong></span> <span class='ocrx_word' id='word_1_163' title='bbox 633 2460 850 2531; x_wconf 80' lang='lat' dir='ltr'><strong><em>deiderares</em></strong></span> <span class='ocrx_word' id='word_1_164' title='bbox 876 2460 958 2551; x_wconf 84' lang='lat' dir='ltr'><strong><em>qnis</em></strong></span> <span class='ocrx_word' id='word_1_165' title='bbox 989 2452 1183 2529; x_wconf 67' lang='lat' dir='ltr'><strong><em>(indebita</em></strong></span> 
     </span>
     <span class='ocr_line' id='line_1_23' title="bbox 98 2553 1182 2657; baseline -0.002 -28"><span class='ocrx_word' id='word_1_166' title='bbox 98 2562 184 2629; x_wconf 88' lang='lat' dir='ltr'><strong><em>Deo</em></strong></span> <span class='ocrx_word' id='word_1_167' title='bbox 212 2558 393 2637; x_wconf 74' lang='lat' dir='ltr'><strong><em>indicari?</em></strong></span> <span class='ocrx_word' id='word_1_168' title='bbox 417 2561 477 2639; x_wconf 79' lang='lat' dir='ltr'><strong><em>Ad</em></strong></span> <span class='ocrx_word' id='word_1_169' title='bbox 503 2586 597 2657; x_wconf 82' lang='lat' dir='ltr'><strong><em>quae</em></strong></span> <span class='ocrx_word' id='word_1_170' title='bbox 624 2567 682 2633; x_wconf 92' lang='lat' dir='ltr'><strong><em>Io.</em></strong></span> <span class='ocrx_word' id='word_1_171' title='bbox 707 2566 931 2635; x_wconf 64' lang='lat' dir='ltr'><strong><em>Diutius</em></strong></span> <span class='ocrx_word' id='word_1_172' title='bbox 957 2558 983 2631; x_wconf 85' lang='lat' dir='ltr'><strong><em>l.</em></strong></span> <span class='ocrx_word' id='word_1_173' title='bbox 1001 2558 1030 2629; x_wconf 87' lang='lat' dir='ltr'><strong><em>l.</em></strong></span> <span class='ocrx_word' id='word_1_174' title='bbox 1051 2582 1089 2651; x_wconf 88' lang='lat' dir='ltr'><strong><em>p.</em></strong></span> <span class='ocrx_word' id='word_1_175' title='bbox 1106 2553 1182 2627; x_wconf 58' lang='lat'><strong><em>268</em></strong></span> 
     </span>
     <span class='ocr_line' id='line_1_24' title="bbox 99 2656 1183 2759; baseline -0.004 -31"><span class='ocrx_word' id='word_1_176' title='bbox 99 2659 269 2745; x_wconf 80' lang='lat' dir='ltr'><strong><em>„Nescio</em></strong></span> <span class='ocrx_word' id='word_1_177' title='bbox 286 2682 333 2727; x_wconf 83' lang='lat' dir='ltr'><strong><em>an</em></strong></span> <span class='ocrx_word' id='word_1_178' title='bbox 349 2656 416 2731; x_wconf 83' lang='lat' dir='ltr'><strong><em>suo</em></strong></span> <span class='ocrx_word' id='word_1_179' title='bbox 436 2679 606 2759; x_wconf 87' lang='lat' dir='ltr'><strong><em>tempore</em></strong></span> <span class='ocrx_word' id='word_1_180' title='bbox 623 2663 761 2733; x_wconf 83' lang='lat' dir='ltr'><strong>multas</strong></span> <span class='ocrx_word' id='word_1_181' title='bbox 775 2662 813 2730; x_wconf 92' lang='lat' dir='ltr'><strong><em>in</em></strong></span> <span class='ocrx_word' id='word_1_182' title='bbox 831 2658 1061 2733; x_wconf 72' lang='lat' dir='ltr'><strong><em>sententiam</em></strong></span> <span class='ocrx_word' id='word_1_183' title='bbox 1090 2656 1183 2735; x_wconf 80' lang='lat' dir='ltr'><strong><em>suani</em></strong></span> 
     </span>
     <span class='ocr_line' id='line_1_25' title="bbox 99 2758 1184 2855; baseline -0.004 -26"><span class='ocrx_word' id='word_1_184' title='bbox 99 2759 312 2841; x_wconf 58' lang='lat' dir='ltr'><strong><em>induxerim</em></strong></span> <span class='ocrx_word' id='word_1_185' title='bbox 337 2758 463 2833; x_wconf 83' lang='lat' dir='ltr'><strong><em>nostro</em></strong></span> <span class='ocrx_word' id='word_1_186' title='bbox 491 2762 643 2855; x_wconf 88' lang='lat' dir='ltr'><strong><em>quidem</em></strong></span> <span class='ocrx_word' id='word_1_187' title='bbox 668 2759 800 2834; x_wconf 79' lang='lat' dir='ltr'><strong><em>frustra</em></strong></span> <span class='ocrx_word' id='word_1_188' title='bbox 822 2784 901 2831; x_wconf 87' lang='lat' dir='ltr'><strong><em>eam</em></strong></span> <span class='ocrx_word' id='word_1_189' title='bbox 918 2758 1184 2839; x_wconf 75' lang='lat' dir='ltr'><strong><em>Franciscanis,</em></strong></span> 
     </span>
     <span class='ocr_line' id='line_1_26' title="bbox 99 2856 1185 2959; baseline -0.005 -26"><span class='ocrx_word' id='word_1_190' title='bbox 99 2856 235 2933; x_wconf 69' lang='lat' dir='ltr'><strong><em>frustra</em></strong></span> <span class='ocrx_word' id='word_1_191' title='bbox 260 2864 409 2933; x_wconf 78' lang='lat' dir='ltr'><strong><em>caeteris</em></strong></span> <span class='ocrx_word' id='word_1_192' title='bbox 433 2862 469 2932; x_wconf 93' lang='lat' dir='ltr'><strong><em>b.</em></strong></span> <span class='ocrx_word' id='word_1_193' title='bbox 487 2864 649 2959; x_wconf 80' lang='lat' dir='ltr'><strong><em>Virginis</em></strong></span> <span class='ocrx_word' id='word_1_194' title='bbox 668 2864 713 2933; x_wconf 81' lang='lat' dir='ltr'><strong><em>ab</em></strong></span> <span class='ocrx_word' id='word_1_195' title='bbox 733 2863 838 2935; x_wconf 88' lang='lat' dir='ltr'><strong><em>omni</em></strong></span> <span class='ocrx_word' id='word_1_196' title='bbox 853 2861 999 2957; x_wconf 78' lang='lat' dir='ltr'><strong><em>peccati</em></strong></span> <span class='ocrx_word' id='word_1_197' title='bbox 1015 2862 1104 2933; x_wconf 85' lang='lat' dir='ltr'><strong><em>labe</em></strong></span> <span class='ocrx_word' id='word_1_198' title='bbox 1125 2860 1185 2929; x_wconf 88' lang='lat' dir='ltr'><strong><em>im·</em></strong></span> 
     </span>
     <span class='ocr_line' id='line_1_27' title="bbox 98 2960 1184 3053; baseline -0.002 -20"><span class='ocrx_word' id='word_1_199' title='bbox 98 2962 325 3053; x_wconf 80' lang='lat' dir='ltr'><strong><em>munitatem</em></strong></span> <span class='ocrx_word' id='word_1_200' title='bbox 339 2960 624 3035; x_wconf 82' lang='lat' dir='ltr'><strong><em>defendentibus</em></strong></span> <span class='ocrx_word' id='word_1_201' title='bbox 644 2965 867 3037; x_wconf 87' lang='lat' dir='ltr'><strong><em>occineret.“</em></strong></span> <span class='ocrx_word' id='word_1_202' title='bbox 917 2968 1074 3033; x_wconf 82' lang='lat' dir='ltr'><strong><em>Praeter</em></strong></span> <span class='ocrx_word' id='word_1_203' title='bbox 1091 2962 1184 3041; x_wconf 76' lang='lat' dir='ltr'><strong><em>haec,</em></strong></span> 
     </span>
     <span class='ocr_line' id='line_1_28' title="bbox 98 3056 1186 3161; baseline -0.002 -28"><span class='ocrx_word' id='word_1_204' title='bbox 98 3060 142 3133; x_wconf 83' lang='lat' dir='ltr'><strong><em>in</em></strong></span> <span class='ocrx_word' id='word_1_205' title='bbox 159 3058 445 3161; x_wconf 57' lang='lat' dir='ltr'><strong><em>Hilariisceiptis</em></strong></span> <span class='ocrx_word' id='word_1_206' title='bbox 461 3056 646 3137; x_wconf 84' lang='lat' dir='ltr'><strong><em>nonnulla</em></strong></span> <span class='ocrx_word' id='word_1_207' title='bbox 662 3066 930 3161; x_wconf 83' lang='lat' dir='ltr'><strong><em>alinleguntnr,</em></strong></span> <span class='ocrx_word' id='word_1_208' title='bbox 947 3062 1082 3139; x_wconf 83' lang='lat' dir='ltr'><strong><em>minus</em></strong></span> <span class='ocrx_word' id='word_1_209' title='bbox 1098 3079 1186 3133; x_wconf 81' lang='lat' dir='ltr'><strong><em>recte</em></strong></span> 
     </span>
     <span class='ocr_line' id='line_1_29' title="bbox 101 3160 1184 3261; baseline 0.001 -30"><span class='ocrx_word' id='word_1_210' title='bbox 101 3180 214 3255; x_wconf 82' lang='lat' dir='ltr'><strong><em>atque</em></strong></span> <span class='ocrx_word' id='word_1_211' title='bbox 240 3182 408 3236; x_wconf 82' lang='lat' dir='ltr'><strong><em>accurate</em></strong></span> <span class='ocrx_word' id='word_1_212' title='bbox 431 3166 578 3237; x_wconf 81' lang='lat' dir='ltr'><strong><em>tradita.</em></strong></span> <span class='ocrx_word' id='word_1_213' title='bbox 630 3162 815 3261; x_wconf 81' lang='lat' dir='ltr'>Apostolo</span> <span class='ocrx_word' id='word_1_214' title='bbox 839 3170 951 3236; x_wconf 84' lang='lat' dir='ltr'><strong><em>Petro</em></strong></span> <span class='ocrx_word' id='word_1_215' title='bbox 979 3164 1035 3239; x_wconf 76' lang='lat' dir='ltr'><strong><em>ita</em></strong></span> <span class='ocrx_word' id='word_1_216' title='bbox 1067 3164 1105 3235; x_wconf 85' lang='lat' dir='ltr'><strong><em>se</em></strong></span> <span class='ocrx_word' id='word_1_217' title='bbox 1128 3160 1184 3235; x_wconf 83' lang='lat' dir='ltr'><strong><em>ad·</em></strong></span> 
     </span>
     <span class='ocr_line' id='line_1_30' title="bbox 101 3261 1184 3363; baseline 0.001 -31"><span class='ocrx_word' id='word_1_218' title='bbox 101 3262 247 3332; x_wconf 80' lang='lat' dir='ltr'><strong><em>dietum</em></strong></span> <span class='ocrx_word' id='word_1_219' title='bbox 263 3261 461 3353; x_wconf 80' lang='lat' dir='ltr'><strong><em>monstrat,</em></strong></span> <span class='ocrx_word' id='word_1_220' title='bbox 479 3285 521 3337; x_wconf 91' lang='lat' dir='ltr'><strong><em>ut</em></strong></span> <span class='ocrx_word' id='word_1_221' title='bbox 539 3266 747 3353; x_wconf 87' lang='lat' dir='ltr'><strong><em>rationem,</em></strong></span> <span class='ocrx_word' id='word_1_222' title='bbox 766 3262 924 3337; x_wconf 72' lang='lat' dir='ltr'><strong><em>cautam</em></strong></span> <span class='ocrx_word' id='word_1_223' title='bbox 941 3266 1025 3335; x_wconf 87' lang='lat' dir='ltr'><strong><em>eius</em></strong></span> <span class='ocrx_word' id='word_1_224' title='bbox 1044 3262 1184 3363; x_wconf 83' lang='lat' dir='ltr'><strong><em>agendi,</em></strong></span> 
     </span>
     <span class='ocr_line' id='line_1_31' title="bbox 100 3362 1184 3465; baseline -0.003 -26"><span class='ocrx_word' id='word_1_225' title='bbox 100 3388 123 3439; x_wconf 79' lang='lat' dir='ltr'><strong><em>a</em></strong></span> <span class='ocrx_word' id='word_1_226' title='bbox 144 3363 299 3439; x_wconf 80' lang='lat' dir='ltr'><strong><em>veritate</em></strong></span> <span class='ocrx_word' id='word_1_227' title='bbox 321 3366 479 3445; x_wconf 76' lang='lat' dir='ltr'><strong><em>alienam</em></strong></span> <span class='ocrx_word' id='word_1_228' title='bbox 494 3369 605 3439; x_wconf 82' lang='lat' dir='ltr'><strong><em>ineat.</em></strong></span> <span class='ocrx_word' id='word_1_229' title='bbox 659 3365 842 3443; x_wconf 86' lang='lat' dir='ltr'><strong><em>Christum</em></strong></span> <span class='ocrx_word' id='word_1_230' title='bbox 859 3366 970 3441; x_wconf 86' lang='lat' dir='ltr'><strong><em>illum</em></strong></span> <span class='ocrx_word' id='word_1_231' title='bbox 994 3362 1184 3465; x_wconf 76' lang='lat' dir='ltr'><strong><em>appellafft</em></strong></span> 
     </span>
     <span class='ocr_line' id='line_1_32' title="bbox 99 3466 1184 3563; baseline 0.002 -29"><span class='ocrx_word' id='word_1_232' title='bbox 99 3466 1184 3563; x_wconf 62' lang='lat' dir='ltr'><strong><em>«Satanant,negatConzment.inMattIi.Cap.XV1.pffll.</em></strong></span> 
     </span>
     <span class='ocr_line' id='line_1_33' title="bbox 101 3562 1185 3667; baseline -0.002 -27"><span class='ocrx_word' id='word_1_233' title='bbox 101 3583 140 3639; x_wconf 89' lang='lat' dir='ltr'><strong><em>et</em></strong></span> <span class='ocrx_word' id='word_1_234' title='bbox 164 3562 307 3640; x_wconf 84' lang='lat' dir='ltr'>factum</span> <span class='ocrx_word' id='word_1_235' title='bbox 332 3567 410 3644; x_wconf 84' lang='lat' dir='ltr'><strong><em>eius</em></strong></span> <span class='ocrx_word' id='word_1_236' title='bbox 434 3571 597 3645; x_wconf 84' lang='lat' dir='ltr'><strong><em>maxime</em></strong></span> <span class='ocrx_word' id='word_1_237' title='bbox 618 3568 818 3652; x_wconf 85' lang='lat' dir='ltr'><strong><em>vitiosum,</em></strong></span> <span class='ocrx_word' id='word_1_238' title='bbox 840 3592 916 3663; x_wconf 88' lang='lat' dir='ltr'><strong><em>quo</em></strong></span> <span class='ocrx_word' id='word_1_239' title='bbox 943 3568 1125 3667; x_wconf 78' lang='lat' dir='ltr'><strong><em>negavit.</em></strong></span> <span class='ocrx_word' id='word_1_240' title='bbox 1155 3564 1185 3639; x_wconf 78' lang='lat' dir='ltr'><strong><em>st</em></strong></span> 
     </span>
     <span class='ocr_line' id='line_1_34' title="bbox 100 3666 1185 3765; baseline 0.002 -28"><span class='ocrx_word' id='word_1_241' title='bbox 100 3666 286 3763; x_wconf 85' lang='lat' dir='ltr'><strong><em>pertinere</em></strong></span> <span class='ocrx_word' id='word_1_242' title='bbox 311 3666 358 3736; x_wconf 82' lang='lat' dir='ltr'><strong><em>ad</em></strong></span> <span class='ocrx_word' id='word_1_243' title='bbox 390 3668 519 3743; x_wconf 86' lang='lat' dir='ltr'><strong><em>Christi</em></strong></span> <span class='ocrx_word' id='word_1_244' title='bbox 543 3670 684 3745; x_wconf 77' lang='lat' dir='ltr'><strong><em>amieos</em></strong></span> <span class='ocrx_word' id='word_1_245' title='bbox 710 3696 752 3741; x_wconf 82' lang='lat' dir='ltr'><strong><em>ac</em></strong></span> <span class='ocrx_word' id='word_1_246' title='bbox 775 3668 988 3763; x_wconf 83' lang='lat' dir='ltr'><strong><em>discipulos,</em></strong></span> <span class='ocrx_word' id='word_1_247' title='bbox 1023 3668 1185 3765; x_wconf 79' lang='lat' dir='ltr'>quadam</span> 
     </span>
     <span class='ocr_line' id='line_1_35' title="bbox 100 3766 1184 3867; baseline -0.001 -29"><span class='ocrx_word' id='word_1_248' title='bbox 100 3768 220 3839; x_wconf 88' lang='lat' dir='ltr'>modo</span> <span class='ocrx_word' id='word_1_249' title='bbox 250 3766 397 3839; x_wconf 82' lang='lat' dir='ltr'><strong><em>excusat</em></strong></span> <span class='ocrx_word' id='word_1_250' title='bbox 421 3774 444 3841; x_wconf 88' lang='lat' dir='ltr'><strong><em>l.</em></strong></span> <span class='ocrx_word' id='word_1_251' title='bbox 471 3796 502 3843; x_wconf 90' lang='lat' dir='ltr'><strong><em>c.</em></strong></span> <span class='ocrx_word' id='word_1_252' title='bbox 520 3777 607 3867; x_wconf 83' lang='lat' dir='ltr'><strong><em>Cep.</em></strong></span> <span class='ocrx_word' id='word_1_253' title='bbox 623 3776 776 3843; x_wconf 85' lang='lat' dir='ltr'><strong>XXXII.</strong></span> <span class='ocrx_word' id='word_1_254' title='bbox 791 3796 827 3865; x_wconf 93' lang='lat' dir='ltr'><strong><em>p.</em></strong></span> <span class='ocrx_word' id='word_1_255' title='bbox 846 3768 933 3839; x_wconf 70' lang='lat'><strong><em>746.</em></strong></span> <span class='ocrx_word' id='word_1_256' title='bbox 991 3770 1106 3843; x_wconf 79' lang='lat' dir='ltr'><strong><em>Adde</em></strong></span> <span class='ocrx_word' id='word_1_257' title='bbox 1131 3774 1184 3843; x_wconf 89' lang='lat' dir='ltr'><strong><em>lo.</em></strong></span> 
     </span>
     <span class='ocr_line' id='line_1_36' title="bbox 100 3866 1184 3971; baseline 0.009 -32"><span class='ocrx_word' id='word_1_258' title='bbox 100 3874 342 3939; x_wconf 71' lang='lat' dir='ltr'><strong><em>Dnannnune</em></strong></span> <span class='ocrx_word' id='word_1_259' title='bbox 360 3870 404 3939; x_wconf 88' lang='lat' dir='ltr'><strong><em>de</em></strong></span> <span class='ocrx_word' id='word_1_260' title='bbox 426 3866 502 3971; x_wconf 81' lang='lat' dir='ltr'><strong><em>Usu</em></strong></span> <span class='ocrx_word' id='word_1_261' title='bbox 518 3876 677 3943; x_wconf 83' lang='lat' dir='ltr'><strong><em>Patnnn</em></strong></span> <span class='ocrx_word' id='word_1_262' title='bbox 695 3870 773 3943; x_wconf 80' lang='lat' dir='ltr'><strong><em>Lib.</em></strong></span> <span class='ocrx_word' id='word_1_263' title='bbox 791 3876 843 3939; x_wconf 86' lang='lat'><strong><em>11.</em></strong></span> <span class='ocrx_word' id='word_1_264' title='bbox 863 3876 950 3965; x_wconf 82' lang='lat' dir='ltr'>Cap.</span> <span class='ocrx_word' id='word_1_265' title='bbox 968 3866 1007 3941; x_wconf 82' lang='grc'><strong><em>4.</em></strong></span> <span class='ocrx_word' id='word_1_266' title='bbox 1026 3898 1065 3967; x_wconf 86' lang='lat' dir='ltr'><strong><em>p.</em></strong></span> <span class='ocrx_word' id='word_1_267' title='bbox 1085 3870 1184 3949; x_wconf 56' lang='lat'><strong><em>2664</em></strong></span> 
     </span>
     <span class='ocr_line' id='line_1_37' title="bbox 101 3970 1185 4065; baseline 0 -28"><span class='ocrx_word' id='word_1_268' title='bbox 101 3974 260 4053; x_wconf 74' lang='lat' dir='ltr'><strong><em>Entsrn.</em></strong></span> <span class='ocrx_word' id='word_1_269' title='bbox 300 3972 642 4047; x_wconf 71' lang='lat' dir='ltr'><strong><em>Ronnnonnnnuna</em></strong></span> <span class='ocrx_word' id='word_1_270' title='bbox 684 3970 917 4065; x_wconf 70' lang='lat' dir='ltr'><strong><em>Praefation.</em></strong></span> <span class='ocrx_word' id='word_1_271' title='bbox 958 3974 1012 4041; x_wconf 80' lang='lat' dir='ltr'><strong><em>ad</em></strong></span> <span class='ocrx_word' id='word_1_272' title='bbox 1058 3972 1185 4045; x_wconf 78' lang='lat' dir='ltr'><strong><em>Hilarii</em></strong></span> 
     </span>
     <span class='ocr_line' id='line_1_38' title="bbox 102 4072 1185 4175; baseline -0.002 -28"><span class='ocrx_word' id='word_1_273' title='bbox 102 4072 260 4175; x_wconf 51' lang='lat' dir='ltr'><strong><em>Operae</em></strong></span> <span class='ocrx_word' id='word_1_274' title='bbox 293 4074 352 4145; x_wconf 85' lang='lat' dir='ltr'><strong><em>Io.</em></strong></span> <span class='ocrx_word' id='word_1_275' title='bbox 389 4079 641 4157; x_wconf 65' lang='lat' dir='ltr'><strong><em>(intonuit</em></strong></span> <span class='ocrx_word' id='word_1_276' title='bbox 677 4075 1021 4161; x_wconf 69' lang='lat' dir='ltr'><strong><em>Conantentatione,</em></strong></span> <span class='ocrx_word' id='word_1_277' title='bbox 1061 4074 1185 4151; x_wconf 80' lang='lat' dir='ltr'><strong><em>iisdem</em></strong></span> 
     </span>
    </p>
   </div>
   <div class='ocr_carea' id='block_1_3' title="bbox 0 0 1286 4724">
    <p class='ocr_par' dir='ltr' id='par_1_3' title="bbox 0 0 1286 4724">
     <span class='ocr_line' id='line_1_39' title="bbox 0 0 1286 4724; baseline 0 0"><span class='ocrx_word' id='word_1_278' title='bbox 0 0 1286 4724; x_wconf 95' lang='lat' dir='ltr'><strong><em> </em></strong></span> 
     </span>
    </p>
   </div>
  </div>
 </body>
</html>
