2542 4724
413 296 446 370 C
475 317 499 365 A
528 320 563 369 a.
597 302 675 369 Vll.
723 298 756 389 §.
781 300 844 371 70.
1099 301 1174 377 lta

87 486 227 582 plexus
242 482 378 567 fuerit,
414 484 555 581 ingenii
570 484 760 579 animique
777 480 895 555 caull'a
906 507 1174 587 ,argumentum

91 586 283 659 ethnicum
308 587 567 656 exornandum
592 586 808 681 susciperet,
852 590 1173 682 quemadmodum

91 687 262 783 quotidie
281 687 318 756 in
340 686 492 757 theatris
509 683 642 757 nostris
667 688 792 783 peragi
810 688 1015 763 videamus.
1067 697 1173 765 Prae·

92 808 146 862 ter
169 779 401 886 Dionyfiaca
431 789 537 871 haec,
588 796 775 859 aNonno
804 792 1012 883 accepimus
1043 790 1173 865 Meta·

91 882 237 985 plarafin
259 892 400 982 epicam
421 891 618 987 Evangelii
635 893 673 959 S.
691 893 863 975 Ioannis,
896 890 1039 987 saepius
1056 894 1096 965 in
1111 896 1170 967 lu·

92 1016 169 1063 cem
186 988 367 1074 emiliam,
394 990 509 1059 latine
525 990 706 1061 redditam
725 992 902 1086 notisque
916 990 1165 1093 illustratum..

190 1120 561 1200 Aur’nrnocfflus,⁴
591 1117 713 1187 Iconii
743 1116 784 1185 in
816 1122 1005 1208 Lycaonia
1037 1123 1172 1217 Episc„

92 1218 196 1289 cuius
215 1217 262 1289 ad
277 1242 349 1289 nos
366 1236 632 1313 pervenerunt:
660 1215 784 1289 lambi
803 1219 853 1287 ad
869 1218 1057 1292 Seleucum
1069 1275 1085 1305 „
1106 1224 1172 1319 qui

91 1338 281 1415 praecepte
297 1343 449 1390 morum
466 1344 507 1389 ac
526 1319 716 1391 doctrinae
734 1335 771 1390 et
794 1318 978 1393 librorum
999 1328 1033 1394 S.
1052 1325 1173 1421 Serip·
1246 1358 1249 1365 ·

91 1439 193 1493 turae
221 1419 540 1495 enumerationem
574 1416 899 1516 complectuntur.⁸
946 1424 1173 1497 Prodieruut

91 1520 144 1597 isti
161 1522 397 1595 coniunctim
415 1546 500 1591 cum
517 1520 670 1615 reliquia
686 1521 928 1615 Amphilochi
945 1522 1107 1621 scripum
1133 1542 1171 1597 et

91 1624 295 1722 separatim,
322 1648 400 1693 non
419 1622 541 1697 solum
560 1647 645 1693 cura
664 1630 808 1693 Ioacu.
826 1628 1026 1695 Zuununt
1042 1651 1073 1698 e.
1093 1652 1170 1699 me·

89 1722 247 1823 taphrasr
263 1725 376 1796 letina
394 1722 567 1807 iambica,
602 1724 792 1797 sedetiam
813 1719 933 1797 studio
957 1732 1049 1799 N1c.
1069 1730 1169 1800 tnr-

91 1822 341 1909 rensuum,
368 1825 433 1895 sub
455 1824 587 1897 titulo:
615 1822 876 1921 Amphilochii,
900 1819 1019 1924 Epist·
1038 1820 1169 1917 leonii,
1251 1846 1254 1853 '

89 1930 132 2001 de
145 1943 250 1999 recta
255 1918 465 2023 studiorum
485 1951 529 1996 oc
544 1931 644 1997 vitae
659 1930 822 2009 ratione,
855 1918 1022 2025 Epistola
1040 1930 1091 2001 od
1107 1934 1169 2001 Se·

89 2032 251 2111 leucum,
284 2020 439 2126 verfiltns
463 2027 626 2098 iambicis
643 2026 717 2099 336
742 2052 843 2120 quat
867 2043 1001 2121 quarto
1024 2020 1107 2129 post
1131 2058 1183 2105 n.·

91 2130 173 2205 chr.
191 2134 271 2203 Sec.
279 2124 444 2229 scripta:
481 2129 590 2199 Conr.
607 2126 792 2199 Ritterslm
809 2122 834 2198 ii
856 2132 953 2199 notit
974 2123 1169 2227 illustrata,

88 2236 238 2305 tertium
252 2233 371 2314 edita,
406 2256 479 2301 cur.
498 2245 534 2302 et
551 2255 619 2300 rec.
636 2232 719 2299 Nic.
737 2221 994 2327 Rittershufio,
1029 2230 1168 2307 Altorf.

89 2334 198 2409 1644.
223 2334 258 2405 8.
319 2332 450 2403 Versus
472 2334 542 2403 hos
566 2338 647 2402 lac.
671 2337 851 2400 Brcnrus
873 2329 920 2399 nd
945 2334 1169 2429 Gregoriurn

85 2436 264 2509 Nazianz.
285 2432 420 2504 referre
439 2434 582 2504 mavult
590 2459 602 2516 ;
639 2432 852 2503 coniectura
875 2448 1019 2518 autem,
1055 2458 1169 2531 quam

85 2536 196 2623 iacit,
220 2538 340 2607 levior
359 2532 417 2607 est.

188 2694 356 2759 Fuerunt
373 2710 524 2781 quoque
539 2710 620 2756 non
643 2686 754 2781 pauci
777 2686 874 2763 inter
892 2686 1027 2758 latinos
1043 2687 1168 2759 Eccle-

83 2788 156 2865 fiae
180 2794 327 2871 Patres,
374 2789 438 2883 qui
460 2783 564 2858 Poeli
587 2784 778 2859 christiana
805 2787 840 2859 se
863 2786 1169 2859 commendarent
1241 2864 1247 2875 ,

84 2918 130 2965 ac
154 2908 401 2963 monumenta
426 2890 527 2961 illius
552 2887 599 2957 ad
622 2886 788 2984 posteros
815 2886 1066 2959 transferrent.
1124 2894 1170 2961 In
1211 2966 1214 2971 ,

83 2990 161 3065 hoc
176 2991 358 3063 scribendi
374 3015 506 3089 genere
521 3016 600 3062 non
615 2988 690 3061 fine
707 2988 819 3062 laude
832 2988 964 3063 versati
979 2988 1076 3076 sunt,
1103 2989 1170 3087 qui

81 3117 188 3167 nunc
209 3094 423 3185 sequuntur.
444 3155 450 3169 ,

187 3218 554 3301 Tauroentum,
590 3218 696 3289 cuius
723 3220 847 3313 Opera
877 3221 1026 3314 poetico
1052 3215 1169 3289 edidit

82 3324 431 3394 Aunn.R1v1Nus
456 3344 498 3390 ac
523 3315 605 3413 post
628 3319 851 3404 Pometiam,
878 3322 1045 3402 Iunium,
1070 3322 1167 3391 Bar·

82 3422 205 3495 thium
225 3421 352 3493 breves
369 3438 478 3491 notas
498 3419 659 3506 addidit,
695 3422 807 3491 Goth.
827 3416 935 3495 1651.
961 3424 995 3491 8.
1010 3418 1045 3510 *)
1093 3424 1168 3491 Ex·

81 3520 152 3597 stat
170 3548 322 3617 quoqne
341 3528 496 3593 Carmen
515 3523 594 3592 eius
618 3522 663 3593 de
676 3526 773 3590 Iona
790 3537 826 3592 et
844 3524 978 3592 Ninive
999 3546 1029 3592 c.
1048 3519 1167 3592 enim·

80 3620 236 3696 edverll.
260 3628 438 3708 lunera,
471 3629 685 3703 Banruu,
721 3628 932 3693 Gnouovn
957 3622 1004 3693 ad
1025 3623 1168 3693 calcem

80 3730 296 3797 Paucum
331 3731 617 3807 Pcrnrcoarr,
659 3722 750 3795 editi
780 3748 800 3793 a
835 3728 938 3795 Cnn.
971 3728 1165 3807 Daunia,

79 3825 183 3920 Lipl.
204 3823 312 3897 1681.
337 3830 373 3899 δ’.
432 3826 539 3897 Varia
563 3824 725 3897 carmina
747 3824 814 3921 ipfi
837 3851 858 3897 a
882 3822 1079 3895 nonnullis
1101 3822 1167 3895 tri·
1233 3892 1239 3903 ,

76 3996 292 4011 Μ

115 4086 142 4152 ·>
160 4080 369 4137 Tmmnm
395 4080 465 4136 libri
484 4082 616 4137 carmine
630 4080 785 4154 conscripti
804 4082 904 4140 locum
919 4083 1114 4141 obtinuerunt
1130 4082 1166 4141 ia

151 4149 321 4208 Marrrarru
338 4152 462 4221 Corpor.
479 4152 600 4211 Poetar.
616 4150 702 4207 latin.
715 4150 760 4220 ll,
775 4156 851 4211 1522
