2542 4724
112 285 191 362 ree
262 368 269 380 ,
440 270 596 383 cn:
627 226 794 359 xvsa
824 264 912 344 aso

21 532 24 537 .
119 476 225 550 laeua
238 464 367 540 minus
382 459 420 536 se
440 455 722 535 commendavit
736 456 962 552 multosque
976 475 1158 555 expertus
1170 454 1216 533 cll

122 566 364 650 adversarios,
378 560 445 660 qui
459 558 771 658 reprehenderent
788 556 877 629 eum
892 561 1065 633 aerariis
1080 556 1215 658 scriptia

121 677 411 769 impugnarent,
450 681 643 754 tamquam
674 655 816 732 hostem
843 664 999 732 Petrum
1029 664 1215 748 Ecclesiae,

125 777 192 873 qui
211 769 462 882 cogitationes
480 764 561 835 luas
578 761 681 832 adid
699 758 900 846 conferret,
919 782 966 834 ut
981 761 1217 837 existimatio·

126 901 214 948 nem
240 872 397 942 istorum
420 865 672 937 imminueret.
726 867 769 932 In
796 863 936 936 horum
953 888 1124 937 numero
1143 864 1219 937 sunt

126 971 330 1055 Pontificii,
357 968 424 1063 qui
448 991 565 1062 quum
589 963 760 1035 Patribus
779 964 938 1035 nimiam
955 968 1220 1039 auctoritatem

128 1077 293 1149 tribuere
311 1070 474 1153 soleant,
499 1064 608 1137 facile
624 1064 913 1163 intelligendum
933 1061 1005 1151 est,
1035 1067 1221 1164 displicere

128 1178 204 1250 illis
221 1166 432 1244 Dallaeum.
485 1165 681 1240 Testantur
691 1166 833 1237 hancin
843 1191 923 1237 rem
934 1173 1017 1238 Iac.
1034 1174 1220 1240 Barcaei

37 1326 41 1333 ‚
128 1275 235 1351 libris
261 1274 307 1344 de
332 1271 567 1345 Adorationc
587 1257 840 1364 Eucharistiae
864 1291 912 1337 ac
934 1259 1111 1364 Historia
1137 1272 1223 1341 Cau·

127 1367 292 1476 feffiom's
314 1369 557 1448 auriculariis
589 1375 764 1441 Dronrs.
801 1369 1223 1443 sinum-musii

135 1472 269 1550 Traite‘
284 1475 329 1543 dc
345 1474 383 1542 la
403 1471 522 1565 Cortfc
550 1493 612 1541 zon
630 1484 754 1541 contre
771 1469 821 1540 les
844 1473 1006 1541 Erreurs
1024 1473 1090 1543 des
1108 1470 1224 1542 Calci-

128 1568 260 1674 nistesr
279 1578 401 1646 llice.
434 1576 646 1644 Samonrus
679 1569 745 1642 sub
770 1570 927 1642 nomine
955 1575 1143 1646 Pnronrs
1174 1595 1223 1645 ιιι

128 1686 408 1754 Bounnvrune
432 1671 472 1743 in
494 1665 664 1772 Responsa
687 1698 738 1743 au
760 1675 868 1742 Livre
899 1673 1080 1745 intitule':
1114 1677 1224 1746 Senti·

21 1790 25 1797 '
129 1802 230 1855 mens
244 1778 290 1847 de
302 1776 472 1871 quelques
494 1771 742 1872 The‘ologiens
759 1774 804 1845 de
818 1772 1041 1857 Halieuma,-
1063 1780 1222 1847 Pennus

132 1887 314 1954 Tuoms
340 1901 366 1948 e
392 1881 426 1946 S.
450 1881 662 1958 Benarni,
688 1874 903 1957 Carmelita,
920 1873 962 1945 in
985 1878 1128 1948 Critice
1143 1898 1224 1972 apo·

135 1982 298 2079 logatica
314 1991 480 2048 veterum
498 1976 597 2047 Eccl.
609 1979 788 2059 Patriam
813 1979 965 2046 Nicon.
983 2001 1041 2049 ιιι
1052 1984 1091 2049 N
1096 1999 1224 2051 ounnr

57 2080 65 2111 '¹
132 2081 176 2155 in
199 2104 300 2152 nova
317 2067 501 2174 Ambrofii
519 2079 682 2172 Operum
705 2076 875 2147 editione
896 2093 935 2146 et
958 2081 1002 2148 in
1024 2083 1225 2176 Apparere

135 2177 388 2256 ad-Bibliotlr.
413 2179 568 2248 enacim.
594 2180 671 2248 PP.
698 2179 873 2277 Lugdun.
899 2178 1048 2262 2149:
1072 2187 1224 2255 Narn-

134 2288 400 2361 Aunxannun
424 2280 465 2349 in
488 2269 637 2377 Differt.
662 2279 747 2351 adv.
766 2279 974 2350 Dallaeum
992 2293 1030 2351 et
1044 2284 1226 2365 Rivetum,

25 2386 45 2413 ’·
135 2410 232 2482 quae
257 2378 304 2454 est
329 2378 473 2452 Dissert.
499 2384 595 2449 XVI.
618 2378 658 2448 in
685 2381 808 2452 Secul:
826 2385 873 2450 ΙΙ.
893 2397 939 2451 et·
949 2400 1057 2453 extat
1074 2384 1118 2455 in
1135 2384 1225 2456 illiue

135 2478 232 2582 Hist.
252 2484 336 2557 eccl.
364 2482 452 2553 edit.
472 2478 582 2552 Paris.
603 2476 712 2552 1741.
728 2480 765 2553 ll.
783 2486 895 2553 Tom.
916 2485 958 2554 V.
979 2507 1020 2577 p.
1037 2483 1120 2557 442
1140 2485 1226 2581 sqq.;

135 2591 195 2661 10.
221 2592 347 2657 Beer.
367 2588 638 2653 Corunnmus
661 2585 775 2654 Notis
790 2582 841 2652 ad
858 2582 1005 2680 Ignatii
1021 2576 1225 2682 Epistolm

134 2697 196 2762 Io.
221 2693 523 2758 Mimuomus
547 2681 720 2754 Analect.
743 2697 855 2754 veter.
879 2685 987 2756 Tora.
1013 2691 1104 2766 ΙΙ.,·
1128 2695 1224 2760 Der.

135 2797 312 2866 Touenz
329 2775 588 2880 InstitutZCap.
606 2786 690 2867 IV.;
709 2785 815 2856 Anr.
827 2789 1019 2872 Donscu,
1034 2790 1077 2858 in
1086 2782 1226 2893 Differ}

135 2890 248 2963 theol.
285 2888 331 2957 de
363 2885 588 2955 auctoritate
619 2883 812 2957 enecet.
840 2886 1022 2975 Parrum,
1047 2894 1227 2991 Mogunt

138 2993 249 3066 1781.
274 2986 311 3060 ll.
336 3004 448 3080 atque
464 2983 558 3055 alii..
589 2990 737 3057 Praeter
751 2987 973 3060 Pontificius
990 3007 1134 3064 contra
1148 2991 1227 3064 Dal·

134 3095 261 3167 laeum
295 3101 514 3259 pupnerunt
544 3083 758 3159 Reformnti
787 3088 889 3185 iique
920 3089 1161 3187 episcopales
1192 3092 1226 3163 iu

134 3193 273 3291 Anglia
305 3190 344 3285 ip
360 3213 446 3283 ique
476 3185 632 3285 longius
661 3187 801 3260 bellum
835 3189 1085 3280 indixerunt,
1118 3215 1226 3291 quun

134 3295 401 3390 intelligerent,
417 3290 616 3360 Dallaeum
626 3290 804 3385 antiquos
813 3289 994 3365 Ecclesiae
1011 3296 1226 3393 anglicanae

132 3397 231 3471 ritus
268 3392 437 3476 reiicere,
470 3413 542 3461 nec
572 3389 613 3461 in
642 3391 848 3463 concordia
879 3391 979 3465 sacra
1007 3390 1225 3469 stabilienda

135 3492 357 3571 testimoni-o
384 3486 525 3586 primae
540 3488 723 3565 Ecclesiae
742 3492 833 3588 quid
849 3492 1027 3567 tribuere.
1088 3496 1225 3571 confir

133 3614 242 3670 mant
265 3594 341 3665 hoc
366 3590 497 3687 scripta
524 3597 1242 3683 Hammonn1,Bevnnec11,Peea··

132 3698 1224 3780 eonu,Buun1,Borr.11,Monracur11,Donwzuurt·
1270 3769 1271 3780 ,

51 3880 57 3896 .
132 3824 207 3898 que
229 3798 404 3870 aliorum.
457 3800 558 3866 luter
587 3793 813 3868 adversarios
836 3795 908 3868 hoe
931 3798 1089 3871 Dallaei
1103 3800 1223 3872 locun

131 3896 306 3996 inprimie
330 3894 398 3968 sibi
411 3893 501 3968 fecit
516 3901 753 3969 Macrianus
772 3902 1085 3986 Scnrvenenus,
1103 3899 1222 4001 Angli·

131 4002 246 4075 canae
262 3998 361 4071 Eccl
378 3997 525 4086 Presb.,
548 3996 589 4069 in
608 3998 723 4084 libro,
740 3997 849 4070 cuius
870 3998 1009 4073 titulus
1027 3998 1101 4075 est:
1128 4011 1221 4099 Apo·

29 4186 33 4192 ¹
131 4100 239 4201 lagia
258 4121 330 4196 pro
355 4102 394 4172 S.
410 4085 596 4197 Ecclefiae
617 4095 805 4187 Patribus,
831 4099 1220 4178 adamnanum
