2542 4724
312 226 315 231 ’
437 278 516 347 ca
543 298 579 345 ιι.
606 278 673 383 nt.¹
724 277 759 365 §-
786 272 847 347 84.
1100 272 1178 351 489

82 460 438 542 annumerantium3
453 458 519 533 ‘illi
546 476 671 533 tamen
698 476 735 537 et
751 458 849 533 inter
866 459 996 555 scripta
1017 461 1176 560 dogma·

57 562 158 635 'tica
180 563 309 634 locum
332 561 501 657 quodam
526 561 645 632 modo
672 559 849 657 asiignare
864 560 961 633 licet.
1015 565 1176 638 Librum

79 664 186 736 huno
211 687 432 761 germanum
457 659 524 733 effe
547 662 826 733 monimentum
853 687 895 733 ac
916 661 1050 734 Basilio
1076 683 1177 737 recto

79 764 210 846 tribui,
228 768 425 836 Erasmus
444 763 607 858 negavit,
626 781 690 833 aut
709 763 837 834 saltem
855 763 1040 835 dubitavit
1057 766 1176 838 hunc·

80 890 158 961 que
183 864 246 934 atii
273 863 419 959 sequuti
447 863 550 947 sunt,
585 863 683 933 inter
713 888 777 933 eos
801 869 1071 951 Scunru‘ros,
1107 868 1174 963 qui

78 964 436 1052 MedullaJPotrum
460 990 496 1058 p.
517 959 614 1038 1055
638 989 814 1062 magnam
838 965 926 1035 libri
949 985 1093 1060 partem
1117 971 1176 1039 iu·
1210 996 1213 1001 ’

83 1067 187 1139 dicat
209 1063 275 1137 effe
299 1064 435 1136 Bafilio
460 1064 701 1159 suppoiitaru.
739 1052 921 1136 ‘Fuerunt
938 1085 1080 1153 tamen,
1109 1070 1176 1164 qui

79 1162 284 1241 resisterent
301 1191 342 1238 ac
359 1166 594 1264 gravioribus
611 1164 840 1263 argumentis
857 1168 1078 1262 probarent,
1105 1176 1175 1240 Ba·

78 1265 205 1341 filium
221 1268 362 1339 librum
386 1269 489 1341 huno
511 1268 666 1338 omnino
688 1264 865 1362 scripfiffe,
918 1274 1018 1339 Inter
1045 1270 1175 1343 defen.

79 1368 184 1441 sores
199 1370 272 1441 hoe
290 1369 462 1465 princeps
481 1364 532 1443 est
546 1374 596 1443 Is.
615 1375 882 1443 Cisaurouus
899 1373 1170 1446 Exercitation.

82 1468 183 1555 xvl,
209 1476 297 1567 Cap.
316 1467 379 1544 43.
1033 1528 1036 1535 .

186 1576 430 1644 Ganooruos
448 1561 576 1672 Nyff,
604 1570 670 1666 qui
694 1570 744 1643 ob
760 1570 861 1643 varia
877 1571 1010 1668 scripta
1029 1599 1175 1648 memo·

79 1671 156 1744 rari
176 1669 307 1767 potest·
361 1668 519 1745 Exstant
543 1673 621 1745 eius
636 1673 731 1744 libet·
753 1675 821 1766 περὶ
839 1682 1033 1766 κατασκευῆς
1053 1680 1173 1771 ἂνθρὼ·

78 1801 146 1845 που
166 1774 212 1845 de
228 1768 385 1873 Opificio
409 1772 593 1859 hominis,
622 1774 670 1845 ad
686 1779 838 1846 Petrum
862 1774 1035 1861 fratrem,
1063 1781 1173 1851 Seba-

79 1870 229 1949 stenttm
245 1874 363 1971 Episc.
373 1901 385 1957 3
411 1877 453 1945 τὰ
469 1878 649 1966 Μακρίνια,
673 1877 744 1968 rupi
761 1881 874 1969 ψυχῆς
902 1879 954 1948 καὶ
979 1882 1174 1963 ἀναστάσεως

80 1966 276 2047 Moeriuia
310 1975 335 2048 s.
364 1976 409 2046 de
439 1978 582 2047 Animo
614 1990 650 2046 et
679 1971 951 2076 Resurrectioue
979 1982 1173 2080 Dialogus

82 2102 173 2151 oum
203 2076 332 2151 sorore
355 2078 546 2162 Macrino,
582 2101 701 2171 quum
722 2076 899 2150 Basilium
931 2078 1085 2154 fratrem
1111 2110 1174 2155 ex·

80 2174 262 2253 stinctum
275 2181 468 2277 lugerent3
501 2179 551 2248 ad
565 2168 802 2275 Eustothium
818 2177 1087 2273 (sebastenum)
1103 2187 1174 2277 rupi

81 2286 145 2373 γῆς
167 2284 257 2369 ἁγίας
277 2283 404 2372 τρὶαδος
437 2281 489 2350 καὶ
514 2280 597 2350 κατὰ
619 2286 684 2350 τῶν
707 2281 996 2372 πνευματομᾶχων,
1021 2280 1070 2353 ὅτι
1094 2290 1174 2370 Θεὸς

80 2388 121 2455 rd
142 2385 265 2477 πνεῦμα
280 2381 369 2476 ἅγιον
388 2382 433 2450 de
451 2386 489 2450 8.
511 2384 694 2451 Trinitote
710 2395 746 2451 et
772 2382 872 2474 quod
887 2386 1046 2477 Spiritus
1063 2388 1101 2460 8.
1116 2379 1174 2484 fit
1233 2394 1236 2399 ’

80 2488 214 2564 Deus,·
248 2484 319 2579 rupi
350 2489 410 2556 τοῦ
441 2485 486 2574 μὴ
520 2484 638 2552 οἴεσθαι
673 2485 774 2573 λέγειν
805 2496 885 2580 τρεῖς
912 2483 1014 2561 Θεούς
1038 2487 1082 2556 de
1115 2512 1171 2577 eo,

83 2585 187 2683 quod
210 2609 285 2656 non
308 2586 520 2682 putandum
537 2576 613 2683 fit,
646 2597 718 2654 tres
745 2585 816 2656 dici
843 2589 947 2657 Deos
978 2603 1175 2682 oportere,·

82 2688 155 2780 περὶ
174 2688 324 2783 διαφορᾶς
352 2685 456 2770 οὐσίας
485 2685 538 2756 καὶ
560 2680 754 2766 ὑποστάσεως
776 2685 821 2756 de
839 2676 1048 2787 differentia
1064 2682 1174 2790 effert-

85 2792 163 2861 tiae
184 2802 221 2859 et
243 2779 496 2887 hypofiafeoS,
525 2812 619 2881 quae
647 2787 717 2858 tria
740 2789 995 2874 monimenta,
1024 2791 1072 2860 ad
1094 2793 1177 2863 'sri-

83 2889 246 2963 nitatem
269 2889 489 2984 spectantia,
522 2889 635 2961 etiam
656 2889 696 2961 in
721 2886 863 2985 scriptis
886 2891 1083 2985 polemicis
1105 2918 1177 2964 nu·

82 2991 220 3065 merari
244 2989 406 3089 poliunt.

187 3094 455 3176 Amnuosws,
482 3092 589 3165 cuius
622 3090 758 3163 adduci
783 3087 955 3184 poil'unt:
1001 3093 1047 3163 de
1072 3096 1174 3179 Fide,

84 3194 205 3267 velut
222 3193 378 3265 Codices
396 3193 573 3264 nonnulli
588 3193 744 3276 habent,
772 3193 817 3262 de
833 3193 922 3263 Fide
937 3207 973 3265 et
993 3197 1177 3269 Triuitote

85 3294 139 3367 od
154 3297 381 3367 Gratianum
396 3298 496 3394 Aug.
516 3291 620 3363 Libb.
634 3297 676 3362 V
673 3320 690 3373 ,⁰
717 3295 762 3363 de
778 3295 920 3388 Spiritu
929 3298 966 3368 S.
985 3293 1176 3387 LiprH,

86 3420 135 3469 ex
155 3394 314 3487 Didymi
335 3412 378 3465 ut
406 3396 632 3489 plurimum,
659 3391 784 3467 Basilii
806 3395 1042 3490 aliorumque
1066 3403 1177 3473 Grae·

86 3500 222 3569 oo'rum
242 3496 386 3590 scriptis
411 3495 559 3567 collecti
567 3519 578 3582 ;
606 3496 650 3568 de
669 3486 878 3595 Mysteriis,
912 3496 938 3568 f.
957 3498 1002 3567 de
1024 3500 1085 3583 its,
1114 3502 1179 3594 qui

84 3620 125 3669 ru
154 3588 598 3688 steriisinitiouturLiber,
618 3597 858 3668 cuiustamen
868 3596 1179 3679 fideaitdmodum

88 3724 109 3771 e
163 3698 336 3793 suspecta.
388 3705 541 3773 Nomen
564 3688 749 3798 Ambrosii
772 3722 860 3791 prae
882 3696 919 3770 se
943 3724 1096 3795 quoque
1113 3703 1178 3773 ha·

89 3799 184 3872 bent
204 3799 313 3871 Libb.
329 3805 381 3873 VI
406 3802 450 3870 de
466 3804 742 3876 Sacrorneuttss
775 3798 815 3870 in
833 3819 1030 3894 utramque
1053 3819 1180 3877 autent

86 3918 234 3997 partem
250 3901 471 3995 disputatur,
490 3925 583 3972 num
592 3897 809 3973 Ambroiius
826 3926 959 3973 eorum
975 3900 1018 3972 fir
1034 3920 1178 3991 auctor,

86 4024 160 4073 neo
174 3998 251 4073 ue?
288 4007 437 4075 Certum
456 4002 609 4099 quidem
626 4020 737 4098 atque
755 4004 990 4098 exploratum
1009 3999 1069 4085 est,
1087 4007 1179 4076 Am·

87 4100 257 4197 brolium
278 4102 396 4179 libros
423 4104 470 4179 de
494 4104 744 4178 Sacramentis
766 4100 957 4203 scripfiffe5
990 4128 1072 4176 non
1102 4103 1179 4179 suto
