2542 4724
122 219 202 351 car
275 230 279 239 ’
370 206 523 345 cr».
549 265 652 337 xm.
701 258 738 350 a.
754 258 981 339 119-121.

122 482 200 557 que
216 453 416 535 Virorum,
433 447 547 521 laude
561 448 750 522 virtutum
766 472 809 520 ac
823 448 1051 522 meritorum
1069 448 1118 525 de
1132 450 1220 527 civi.

123 577 204 631 tate
229 550 422 627 christiana
446 569 558 645 atque
580 550 743 620 aliorum
764 549 920 642 piorum
946 577 989 624 ac
1008 552 1216 627 sanctorem

123 661 330 732 hominum
362 651 497 724 litteris
528 650 755 721 mandarunt
782 672 1106 728 acymonumenta
1132 657 1218 729 haec

124 756 271 856 ingenii
296 750 451 850 posteris
477 751 732 837 tradiderunt,
759 770 804 825 ut
825 752 1004 826 haberent
1020 756 1083 826 illi
1100 781 1218 829 exem·

124 862 209 957 pla,
245 880 340 951 quae
363 852 623 948 sequerentur:
673 857 768 925 Sunt
793 853 835 923 in
858 852 1015 926 illorum
1042 880 1218 943 numero,

92 944 95 949 ⁵
127 960 277 1056 quires
308 955 521 1051 primorum
548 949 859 1035 Christianorum,
892 953 1059 1054 insignes
1087 983 1220 1050 eornm

126 1062 307 1142 virtutes,
342 1056 477 1126 eximia
510 1053 778 1126 sanctimoniae
810 1054 1038 1127 documenta
1076 1083 1220 1131 enarra·

127 1161 219 1233 runt
225 1185 238 1244 ς
266 1158 332 1253 qni
348 1146 536 1251 speciatim
554 1152 784 1227 defensiones
800 1154 940 1227 horum
959 1154 1094 1230 christi
1111 1158 1221 1233 secte·

128 1278 256 1334 torem
289 1256 513 1352 scripserunt
550 1257 694 1353 hacque
728 1253 921 1329 occasione
959 1282 1005 1328 ex
1036 1260 1221 1333 laudabili

129 1385 264 1434 eorum
288 1356 441 1429 vivendi
463 1360 610 1428 ratione
633 1355 865 1452 probarunt,
899 1355 988 1430 istos
1013 1358 1095 1447 esse¹
1110 1362 1220 1435 inno·

129 1479 255 1535 centes
280 1484 323 1530 ac
340 1459 513 1531 omnium
529 1458 713 1529 vitiorum
733 1458 1023 1554 criminumque,
1053 1484 1220 1556 quorum

64 1554 67 1559 ¹
127 1552 316 1635 malitiose
332 1558 564 1642 accusentur,
590 1560 701 1654 plane
718 1578 893 1655 expertes,
923 1561 1101 1654 quiActa
1118 1568 1219 1635 Mar·

129 1679 260 1754 tyrum
286 1661 521 1756 collegerunt
546 1683 587 1730 ac
609 1678 805 1745 curarunt,
837 1662 879 1730 ui
902 1660 966 1732 illa
991 1662 1038 1732 ab
1063 1664 1219 1738 interitu

91 1846 94 1851 .
128 1760 314 1837 vindicari
339 1758 485 1854 possent
503 1785 545 1831 ac
561 1760 759 1859 diligenter
773 1762 986 1859 legerentur
1000 1763 1159 1857 publice
1179 1792 1220 1839 ac

128 1862 327 1959 privatim,
356 1862 421 1954 qui
438 1879 624 1957 praeterea
642 1861 819 1959 singulari
841 1858 964 1933 studio
988 1865 1218 1964 conscriptae

129 1963 226 2035 vitas
246 1962 448 2033 celebrium
468 1968 620 2034 Patrum
642 1960 823 2034 Ecclesiae
838 1987 881 2035 ac
895 1968 1125 2039 Sanctorum
1147 1970 1218 2041 edi-

128 2062 268 2143 derunt
284 2081 396 2155 atque
410 2064 451 2132 in
468 2063 1217 2145 orationibuasacrismemoriamillorum

112 2162 285 2267 ‘posteris
316 2164 642 2239 commendarunt.

583 2370 618 2462 ς.
673 2372 758 2446 120.

230 2536 583 2645 Quemadmodum
601 2539 791 2614 nonnulli
806 2538 911 2615 inter
926 2543 1063 2618 Patres
1081 2544 1217 2621 Eccle-

126 2640 205 2719 siae
242 2667 308 2731 ea,
354 2667 454 2738 quae
487 2640 537 2715 ad
569 2642 694 2715 vitam
731 2639 969 2716 sanctiorem
1000 2646 1215 2743 pertinent,

112 2744 258 2821 'oblata
278 2737 463 2843 occcfioiie
480 2740 754 2832 tradiderunt,
779 2743 833 2816 ita
854 2743 921 2815 alii
937 2740 1123 2835 suerunt,
1152 2747 1217 2845 qui

126 2874 175 2921 eac
191 2837 353 2943 instituto
372 2841 584 2945 singularia
596 2843 723 2943 capita
741 2842 947 2917 doetrinae
963 2847 1136 2922 moralis
1155 2873 1216 2921 ex·

126 2946 348 3047 plaiiareiit.
399 2950 510 3047 Quae
537 2943 584 3016 ab
609 2945 684 3032 iis,
709 2945 789 3019 liuc
812 2943 1048 3045 spectantia,
1075 2944 1218 3050 scripta

131 3071 223 3119 acce
254 3046 382 3134 imus,
419 3071 465 3118 ea
486 3045 557 3118 ubi
581 3046 687 3118 inter
717 3044 755 3119 se
782 3042 1065 3137 conserantur,
1101 3046 1216 3123 facile

52 3220 55 3225 ,
125 3072 377 3232 videiiiinus,
400 3146 576 3220 illorum
609 3142 684 3219 esse
711 3143 988 3222 diversitatem.
1047 3152 1154 3223 Sunt
1177 3150 1216 3223 iii

124 3246 231 3336 illis,
260 3271 361 3345 quae
391 3248 563 3321 maxime
584 3245 635 3347 de
658 3247 777 3325 rebus
809 3247 961 3321 ethicae
981 3248 1215 3325 christianae

125 3362 354 3446 expoiiuiit3
381 3346 472 3421 sunt
495 3373 595 3421 vero
617 3372 778 3444 quoque
800 3349 844 3423 iii
866 3372 1009 3423 eorum
1026 3376 1214 3441 iiuinero,

124 3472 229 3551 quac
246 3447 296 3523 ad
312 3446 671 3552 iurisprudeiitiani
686 3448 866 3525 divinam
878 3445 1028 3525 referri
1043 3449 1214 3587 possipit.

585 3704 618 3795 §.
674 3706 759 3778 121.

116 3946 122 3953 ,
225 3866 433 3947 Differunt
458 3889 665 3971 praeterea
695 3871 846 3948 horum
876 3875 1041 3947 Patruin
1075 3874 1215 3977 scripta

120 3963 294 4050 'moralia
316 3974 359 4044 iii
386 3972 547 4047 dicendi
574 3976 755 4063 ratione,
793 3973 874 4047 sive
908 3974 977 4070 qui
1012 3975 1213 4051 adhibitus

128 4075 202 4166 est,
225 4075 270 4151 iii
299 4072 399 4151 stilo.
438 4074 536 4178 ·Qui
566 4076 694 4153 tribus
721 4076 862 4178 primis
888 4073 1033 4152 seculis
1070 4074 1213 4157 ssorue·
