<?xml version="1.0" encoding="UTF-8"?>
<!DOCTYPE html PUBLIC "-//W3C//DTD XHTML 1.0 Transitional//EN"
    "http://www.w3.org/TR/xhtml1/DTD/xhtml1-transitional.dtd">
<html xmlns="http://www.w3.org/1999/xhtml" xml:lang="en" lang="en">
 <head>
  <title>
</title>
<meta http-equiv="Content-Type" content="text/html;charset=utf-8" />
  <meta name='ocr-system' content='tesseract 3.04.00' />
  <meta name='ocr-capabilities' content='ocr_page ocr_carea ocr_par ocr_line ocrx_word'/>
</head>
<body>
  <div class='ocr_page' id='page_1' title='image "./iogeorgiiwalchi05walcgoog_0488.png"; bbox 0 0 2542 4724; ppageno 0'>
   <div class='ocr_carea' id='block_1_1' title="bbox 61 218 893 352">
    <p class='ocr_par' dir='ltr' id='par_1_1' title="bbox 61 218 893 371">
     <span class='ocr_line' id='line_1_1' title="bbox 61 218 893 352; baseline 0 -31"><span class='ocrx_word' id='word_1_1' title='bbox 61 297 66 311; x_wconf 33' lang='lat' dir='ltr'>r</span> <span class='ocrx_word' id='word_1_2' title='bbox 121 255 198 352; x_wconf 75' lang='lat' dir='ltr'>ssa</span> <span class='ocrx_word' id='word_1_3' title='bbox 436 218 524 329; x_wconf 80' lang='lat' dir='ltr'>cs</span> <span class='ocrx_word' id='word_1_4' title='bbox 552 258 589 323; x_wconf 67' lang='lat' dir='ltr'>r.</span> <span class='ocrx_word' id='word_1_5' title='bbox 624 251 721 331; x_wconf 80' lang='lat' dir='ltr'>vttt</span> <span class='ocrx_word' id='word_1_6' title='bbox 762 246 893 341; x_wconf 60' lang='grc' dir='ltr'>Ι9,·78.</span> 
     </span>
    </p>
   </div>
   <div class='ocr_carea' id='block_1_2' title="bbox 21 435 1225 3764">
    <p class='ocr_par' dir='ltr' id='par_1_2' title="bbox 21 435 1225 3764">
     <span class='ocr_line' id='line_1_2' title="bbox 72 435 1216 542; baseline -0.001 -28"><span class='ocrx_word' id='word_1_7' title='bbox 72 462 75 471; x_wconf 93' lang='grc'>’</span> <span class='ocrx_word' id='word_1_8' title='bbox 119 445 290 542; x_wconf 64' lang='lat' dir='ltr'>pirenses.</span> <span class='ocrx_word' id='word_1_9' title='bbox 322 438 385 514; x_wconf 79' lang='grc' dir='ltr'>ἂπό</span> <span class='ocrx_word' id='word_1_10' title='bbox 400 467 438 514; x_wconf 80' lang='lat' dir='ltr'>ra</span> <span class='ocrx_word' id='word_1_11' title='bbox 457 443 514 532; x_wconf 74' lang='grc' dir='ltr'>τῆς</span> <span class='ocrx_word' id='word_1_12' title='bbox 534 440 752 533; x_wconf 59' lang='lat' dir='ltr'>nominemini</span> <span class='ocrx_word' id='word_1_13' title='bbox 766 435 820 508; x_wconf 81' lang='lat' dir='ltr'>nai</span> <span class='ocrx_word' id='word_1_14' title='bbox 838 435 937 534; x_wconf 66' lang='grc' dir='ltr'>μίχρὲ</span> <span class='ocrx_word' id='word_1_15' title='bbox 953 439 1011 530; x_wconf 67' lang='grc' dir='ltr'>τῆς</span> <span class='ocrx_word' id='word_1_16' title='bbox 1028 439 1216 530; x_wconf 68' lang='grc' dir='ltr'>τελευταίας</span> 
     </span>
     <span class='ocr_line' id='line_1_3' title="bbox 119 539 1218 638; baseline 0.005 -26"><span class='ocrx_word' id='word_1_17' title='bbox 119 552 182 637; x_wconf 57' lang='grc' dir='ltr'>«ἧς</span> <span class='ocrx_word' id='word_1_18' title='bbox 194 539 334 637; x_wconf 61' lang='lat' dir='ltr'>ginnas</span> <span class='ocrx_word' id='word_1_19' title='bbox 348 543 478 628; x_wconf 71' lang='grc' dir='ltr'><strong><em>βὶβλου.</em></strong></span> <span class='ocrx_word' id='word_1_20' title='bbox 518 541 591 613; x_wconf 87' lang='lat' dir='ltr'>Sed</span> <span class='ocrx_word' id='word_1_21' title='bbox 606 559 756 611; x_wconf 90' lang='lat' dir='ltr'>tantum</span> <span class='ocrx_word' id='word_1_22' title='bbox 771 539 998 638; x_wconf 72' lang='lat' dir='ltr'>Fragmenta&#39;</span> <span class='ocrx_word' id='word_1_23' title='bbox 1013 547 1218 617; x_wconf 80' lang='lat' dir='ltr'>commen-</span> 
     </span>
     <span class='ocr_line' id='line_1_4' title="bbox 120 640 1218 740; baseline 0.002 -24"><span class='ocrx_word' id='word_1_24' title='bbox 120 647 326 730; x_wconf 76' lang='lat' dir='ltr'>tariorum,</span> <span class='ocrx_word' id='word_1_25' title='bbox 357 667 466 739; x_wconf 85' lang='lat' dir='ltr'>¹quos</span> <span class='ocrx_word' id='word_1_26' title='bbox 488 641 660 736; x_wconf 85' lang='lat' dir='ltr'>reliquit,</span> <span class='ocrx_word' id='word_1_27' title='bbox 693 640 906 737; x_wconf 84' lang='lat' dir='ltr'><strong>supersunt,</strong></span> <span class='ocrx_word' id='word_1_28' title='bbox 946 660 1116 737; x_wconf 77' lang='lat' dir='ltr'>‘quorum</span> <span class='ocrx_word' id='word_1_29' title='bbox 1140 670 1218 740; x_wconf 84' lang='lat' dir='ltr'>ope</span> 
     </span>
     <span class='ocr_line' id='line_1_5' title="bbox 121 742 1217 823; baseline -0.002 -3"><span class='ocrx_word' id='word_1_30' title='bbox 121 753 289 823; x_wconf 69' lang='lat' dir='ltr'>cusin</span> <span class='ocrx_word' id='word_1_31' title='bbox 309 765 334 817; x_wconf 73' lang='lat' dir='ltr'>A</span> <span class='ocrx_word' id='word_1_32' title='bbox 359 751 699 817; x_wconf 63' lang='lat' dir='ltr'>Leuennns‘non</span> <span class='ocrx_word' id='word_1_33' title='bbox 716 742 1107 815; x_wconf 76' lang='lat' dir='ltr'>solumoommemai.</span> <span class='ocrx_word' id='word_1_34' title='bbox 1132 749 1217 818; x_wconf 84' lang='lat' dir='ltr'>crit.</span> 
     </span>
     <span class='ocr_line' id='line_1_6' title="bbox 122 843 1213 944; baseline -0.001 -24"><span class='ocrx_word' id='word_1_35' title='bbox 122 849 168 921; x_wconf 79' lang='lat' dir='ltr'>de</span> <span class='ocrx_word' id='word_1_36' title='bbox 189 847 402 944; x_wconf 70' lang='lat' dir='ltr'>Epitraemo</span> <span class='ocrx_word' id='word_1_37' title='bbox 428 849 527 942; x_wconf 74' lang='lat' dir='ltr'>Syro</span> <span class='ocrx_word' id='word_1_38' title='bbox 554 844 591 914; x_wconf 82' lang='lat' dir='ltr'>S.</span> <span class='ocrx_word' id='word_1_39' title='bbox 613 843 650 914; x_wconf 79' lang='grc'>8.</span> <span class='ocrx_word' id='word_1_40' title='bbox 677 845 892 939; x_wconf 78' lang='lat' dir='ltr'><em>interprete,</em></span> <span class='ocrx_word' id='word_1_41' title='bbox 925 846 1011 915; x_wconf 84' lang='lat' dir='ltr'>Hal.</span> <span class='ocrx_word' id='word_1_42' title='bbox 1034 845 1145 920; x_wconf 79' lang='lat'><strong>1828.</strong></span> <span class='ocrx_word' id='word_1_43' title='bbox 1174 847 1213 921; x_wconf 90' lang='grc'>8.</span> 
     </span>
     <span class='ocr_line' id='line_1_7' title="bbox 120 943 1212 1041; baseline -0.001 -21"><span class='ocrx_word' id='word_1_44' title='bbox 120 949 185 1031; x_wconf 76' lang='lat' dir='ltr'>led</span> <span class='ocrx_word' id='word_1_45' title='bbox 202 950 312 1020; x_wconf 89' lang='lat' dir='ltr'>etiam</span> <span class='ocrx_word' id='word_1_46' title='bbox 332 945 415 1017; x_wconf 74' lang='lat' dir='ltr'>Lib,</span> <span class='ocrx_word' id='word_1_47' title='bbox 431 947 475 1016; x_wconf 81' lang='lat' dir='ltr'>de</span> <span class='ocrx_word' id='word_1_48' title='bbox 490 944 694 1041; x_wconf 84' lang='lat' dir='ltr'>Ephraemi</span> <span class='ocrx_word' id='word_1_49' title='bbox 708 947 798 1041; x_wconf 78' lang='lat' dir='ltr'>Syri</span> <span class='ocrx_word' id='word_1_50' title='bbox 821 958 903 1014; x_wconf 84' lang='lat' dir='ltr'>orte</span> <span class='ocrx_word' id='word_1_51' title='bbox 927 943 1212 1034; x_wconf 79' lang='lat' dir='ltr'>herineneutico,</span> 
     </span>
     <span class='ocr_line' id='line_1_8' title="bbox 121 1043 1123 1149; baseline -0.009 -25"><span class='ocrx_word' id='word_1_52' title='bbox 121 1051 295 1149; x_wconf 83' lang='lat' dir='ltr'>Regium.</span> <span class='ocrx_word' id='word_1_53' title='bbox 312 1048 420 1122; x_wconf 84' lang='lat'><strong>1831.</strong></span> <span class='ocrx_word' id='word_1_54' title='bbox 445 1047 482 1120; x_wconf 87' lang='lat'>8.</span> <span class='ocrx_word' id='word_1_55' title='bbox 509 1049 553 1137; x_wconf 90' lang='lat'>(1</span> <span class='ocrx_word' id='word_1_56' title='bbox 567 1047 670 1119; x_wconf 72' lang='lat' dir='ltr'>Tali,</span> <span class='ocrx_word' id='word_1_57' title='bbox 691 1046 738 1118; x_wconf 81' lang='lat'>12</span> <span class='ocrx_word' id='word_1_58' title='bbox 749 1043 829 1143; x_wconf 71' lang='lat' dir='ltr'>Gr.)</span> <span class='ocrx_word' id='word_1_59' title='bbox 854 1044 1070 1119; x_wconf 82' lang='lat' dir='ltr'>elaboravit.</span> <span class='ocrx_word' id='word_1_60' title='bbox 1085 1044 1123 1136; x_wconf 81' lang='lat'>*.)</span> 
     </span>
     <span class='ocr_line' id='line_1_9' title="bbox 223 1142 1212 1247; baseline 0.001 -23"><span class='ocrx_word' id='word_1_61' title='bbox 223 1157 401 1224; x_wconf 75' lang='lat' dir='ltr'>Euszutt</span> <span class='ocrx_word' id='word_1_62' title='bbox 420 1145 661 1221; x_wconf 83' lang='lat' dir='ltr'>Caesareenfis</span> <span class='ocrx_word' id='word_1_63' title='bbox 689 1148 955 1240; x_wconf 83' lang='lat' dir='ltr'>Commentarii</span> <span class='ocrx_word' id='word_1_64' title='bbox 973 1151 1010 1218; x_wconf 91' lang='lat' dir='ltr'>in</span> <span class='ocrx_word' id='word_1_65' title='bbox 1030 1142 1212 1247; x_wconf 74' lang='lat' dir='ltr'>Pserimos,</span> 
     </span>
     <span class='ocr_line' id='line_1_10' title="bbox 21 1247 1216 1350; baseline 0.001 -25"><span class='ocrx_word' id='word_1_66' title='bbox 21 1331 25 1337; x_wconf 67' lang='grc'><em>,</em></span> <span class='ocrx_word' id='word_1_67' title='bbox 122 1252 189 1350; x_wconf 89' lang='lat' dir='ltr'>qui</span> <span class='ocrx_word' id='word_1_68' title='bbox 209 1247 407 1348; x_wconf 81' lang='lat' dir='ltr'>postquam</span> <span class='ocrx_word' id='word_1_69' title='bbox 427 1275 493 1346; x_wconf 87' lang='lat' dir='ltr'>per</span> <span class='ocrx_word' id='word_1_70' title='bbox 516 1247 671 1346; x_wconf 91' lang='lat' dir='ltr'>longius</span> <span class='ocrx_word' id='word_1_71' title='bbox 695 1263 844 1342; x_wconf 88' lang='lat' dir='ltr'>tempus</span> <span class='ocrx_word' id='word_1_72' title='bbox 866 1248 908 1319; x_wconf 89' lang='lat' dir='ltr'>in</span> <span class='ocrx_word' id='word_1_73' title='bbox 933 1248 1096 1323; x_wconf 86' lang='lat' dir='ltr'>tenebris</span> <span class='ocrx_word' id='word_1_74' title='bbox 1120 1250 1216 1325; x_wconf 75' lang='lat' dir='ltr'>deli.</span> 
     </span>
     <span class='ocr_line' id='line_1_11' title="bbox 121 1348 1216 1451; baseline -0.004 -24"><span class='ocrx_word' id='word_1_75' title='bbox 121 1352 291 1438; x_wconf 85' lang='lat' dir='ltr'>tuillent,</span> <span class='ocrx_word' id='word_1_76' title='bbox 320 1376 385 1425; x_wconf 94' lang='lat' dir='ltr'>eos</span> <span class='ocrx_word' id='word_1_77' title='bbox 400 1352 441 1422; x_wconf 91' lang='lat' dir='ltr'>in</span> <span class='ocrx_word' id='word_1_78' title='bbox 457 1352 581 1422; x_wconf 90' lang='lat' dir='ltr'>lucem</span> <span class='ocrx_word' id='word_1_79' title='bbox 598 1348 760 1442; x_wconf 75' lang='lat' dir='ltr'>protulit</span> <span class='ocrx_word' id='word_1_80' title='bbox 777 1373 905 1445; x_wconf 85' lang='lat' dir='ltr'>graece</span> <span class='ocrx_word' id='word_1_81' title='bbox 921 1374 963 1421; x_wconf 83' lang='lat' dir='ltr'>ao</span> <span class='ocrx_word' id='word_1_82' title='bbox 974 1375 1009 1427; x_wconf 80' lang='lat' dir='ltr'>e.</span> <span class='ocrx_word' id='word_1_83' title='bbox 1026 1351 1216 1451; x_wconf 82' lang='lat' dir='ltr'>interpre-</span> 
     </span>
     <span class='ocr_line' id='line_1_12' title="bbox 45 1446 1214 1547; baseline -0.016 -15"><span class='ocrx_word' id='word_1_84' title='bbox 45 1459 48 1463; x_wconf 66' lang='grc'><strong>’</strong></span> <span class='ocrx_word' id='word_1_85' title='bbox 121 1456 268 1531; x_wconf 87' lang='lat' dir='ltr'>tatione</span> <span class='ocrx_word' id='word_1_86' title='bbox 289 1454 405 1525; x_wconf 89' lang='lat' dir='ltr'>latina</span> <span class='ocrx_word' id='word_1_87' title='bbox 428 1451 519 1523; x_wconf 88' lang='lat' dir='ltr'>iuris</span> <span class='ocrx_word' id='word_1_88' title='bbox 539 1448 682 1547; x_wconf 86' lang='lat' dir='ltr'>publici</span> <span class='ocrx_word' id='word_1_89' title='bbox 706 1446 796 1520; x_wconf 82' lang='lat' dir='ltr'>iecit</span> <span class='ocrx_word' id='word_1_90' title='bbox 820 1454 954 1522; x_wconf 75' lang='lat' dir='ltr'>Brun.</span> <span class='ocrx_word' id='word_1_91' title='bbox 979 1473 1035 1522; x_wconf 77' lang='lat' dir='ltr'>ns</span> <span class='ocrx_word' id='word_1_92' title='bbox 1057 1458 1214 1537; x_wconf 64' lang='lat' dir='ltr'>Moram.</span> 
     </span>
     <span class='ocr_line' id='line_1_13' title="bbox 123 1551 1216 1630; baseline -0.003 -1"><span class='ocrx_word' id='word_1_93' title='bbox 123 1575 293 1630; x_wconf 72' lang='lat' dir='ltr'>rancor</span> <span class='ocrx_word' id='word_1_94' title='bbox 319 1555 361 1625; x_wconf 90' lang='lat' dir='ltr'>in</span> <span class='ocrx_word' id='word_1_95' title='bbox 385 1560 497 1626; x_wconf 87' lang='lat' dir='ltr'>Tam.</span> <span class='ocrx_word' id='word_1_96' title='bbox 523 1557 552 1622; x_wconf 85' lang='lat' dir='ltr'>L</span> <span class='ocrx_word' id='word_1_97' title='bbox 585 1551 817 1621; x_wconf 83' lang='lat' dir='ltr'>Collectionis</span> <span class='ocrx_word' id='word_1_98' title='bbox 846 1576 965 1625; x_wconf 85' lang='lat' dir='ltr'>novoe</span> <span class='ocrx_word' id='word_1_99' title='bbox 991 1556 1154 1627; x_wconf 87' lang='lat' dir='ltr'>Potrnm</span> <span class='ocrx_word' id='word_1_100' title='bbox 1176 1569 1216 1628; x_wconf 82' lang='lat' dir='ltr'>et</span> 
     </span>
     <span class='ocr_line' id='line_1_14' title="bbox 123 1645 1216 1754; baseline 0 -25"><span class='ocrx_word' id='word_1_101' title='bbox 123 1661 355 1754; x_wconf 79' lang='lat' dir='ltr'><strong><em>Scriptorum</em></strong></span> <span class='ocrx_word' id='word_1_102' title='bbox 369 1677 610 1754; x_wconf 81' lang='lat' dir='ltr'>graecorum,</span> <span class='ocrx_word' id='word_1_103' title='bbox 637 1645 782 1749; x_wconf 80' lang='lat' dir='ltr'>Eusehii</span> <span class='ocrx_word' id='word_1_104' title='bbox 799 1647 1062 1754; x_wconf 78' lang='lat' dir='ltr'>Caejareenfis,</span> <span class='ocrx_word' id='word_1_105' title='bbox 1085 1656 1216 1729; x_wconf 79' lang='lat' dir='ltr'>Asna-</span> 
     </span>
     <span class='ocr_line' id='line_1_15' title="bbox 121 1751 1212 1856; baseline 0.001 -26"><span class='ocrx_word' id='word_1_106' title='bbox 121 1751 214 1856; x_wconf 87' lang='lat' dir='ltr'>nofii</span> <span class='ocrx_word' id='word_1_107' title='bbox 236 1771 272 1829; x_wconf 86' lang='lat' dir='ltr'>et</span> <span class='ocrx_word' id='word_1_108' title='bbox 298 1757 453 1828; x_wconf 86' lang='lat' dir='ltr'>Cosmae</span> <span class='ocrx_word' id='word_1_109' title='bbox 474 1757 676 1854; x_wconf 78' lang='lat' dir='ltr'><em>Aegyptii,</em></span> <span class='ocrx_word' id='word_1_110' title='bbox 711 1753 809 1824; x_wconf 86' lang='lat' dir='ltr'>edita</span> <span class='ocrx_word' id='word_1_111' title='bbox 827 1760 907 1825; x_wconf 91' lang='lat' dir='ltr'>Par.</span> <span class='ocrx_word' id='word_1_112' title='bbox 927 1756 1035 1830; x_wconf 82' lang='lat'>1706.</span> <span class='ocrx_word' id='word_1_113' title='bbox 1061 1763 1109 1830; x_wconf 89' lang='grc' dir='ltr'>Π.</span> <span class='ocrx_word' id='word_1_114' title='bbox 1137 1756 1212 1831; x_wconf 85' lang='lat' dir='ltr'>fol.</span> 
     </span>
     <span class='ocr_line' id='line_1_16' title="bbox 121 1854 1214 1955; baseline -0.001 -22"><span class='ocrx_word' id='word_1_115' title='bbox 121 1865 261 1933; x_wconf 85' lang='lat' dir='ltr'>Omnes</span> <span class='ocrx_word' id='word_1_116' title='bbox 280 1858 431 1955; x_wconf 86' lang='lat' dir='ltr'>quidem</span> <span class='ocrx_word' id='word_1_117' title='bbox 445 1856 612 1928; x_wconf 84' lang='lat' dir='ltr'>Psalmos</span> <span class='ocrx_word' id='word_1_118' title='bbox 628 1854 808 1927; x_wconf 87' lang='lat' dir='ltr'>Eusebius</span> <span class='ocrx_word' id='word_1_119' title='bbox 820 1858 1109 1932; x_wconf 73' lang='lat' dir='ltr'>Commentariis</span> <span class='ocrx_word' id='word_1_120' title='bbox 1123 1860 1214 1932; x_wconf 91' lang='lat' dir='ltr'>illu·</span> 
     </span>
     <span class='ocr_line' id='line_1_17' title="bbox 119 1956 1212 2052; baseline 0.002 -19"><span class='ocrx_word' id='word_1_121' title='bbox 119 1956 316 2042; x_wconf 72' lang='lat' dir='ltr'>straverats</span> <span class='ocrx_word' id='word_1_122' title='bbox 352 1956 603 2029; x_wconf 84' lang='lat' dir='ltr'>defiderantur</span> <span class='ocrx_word' id='word_1_123' title='bbox 626 1972 752 2027; x_wconf 90' lang='lat' dir='ltr'>autem</span> <span class='ocrx_word' id='word_1_124' title='bbox 776 1981 836 2039; x_wconf 86' lang='lat' dir='ltr'>ea,</span> <span class='ocrx_word' id='word_1_125' title='bbox 872 1959 1022 2052; x_wconf 87' lang='lat' dir='ltr'>quaein</span> <span class='ocrx_word' id='word_1_126' title='bbox 1041 1959 1212 2035; x_wconf 87' lang='lat' dir='ltr'>Psalmos</span> 
     </span>
     <span class='ocr_line' id='line_1_18' title="bbox 120 2055 1214 2158; baseline 0.001 -23"><span class='ocrx_word' id='word_1_127' title='bbox 120 2065 248 2135; x_wconf 85' lang='lat' dir='ltr'>XXXI</span> <span class='ocrx_word' id='word_1_128' title='bbox 267 2055 488 2157; x_wconf 76' lang='lat' dir='ltr'>posteriores</span> <span class='ocrx_word' id='word_1_129' title='bbox 513 2055 736 2153; x_wconf 83' lang='lat' dir='ltr'>conscripfit.</span> <span class='ocrx_word' id='word_1_130' title='bbox 801 2059 930 2132; x_wconf 87' lang='lat' dir='ltr'>Utitur</span> <span class='ocrx_word' id='word_1_131' title='bbox 954 2086 997 2133; x_wconf 91' lang='lat' dir='ltr'>eo</span> <span class='ocrx_word' id='word_1_132' title='bbox 1029 2062 1214 2158; x_wconf 86' lang='lat' dir='ltr'>interpre-</span> 
     </span>
     <span class='ocr_line' id='line_1_19' title="bbox 119 2158 1214 2262; baseline 0.003 -29"><span class='ocrx_word' id='word_1_133' title='bbox 119 2162 395 2260; x_wconf 82' lang='lat' dir='ltr'>taniligenere,</span> <span class='ocrx_word' id='word_1_134' title='bbox 421 2176 465 2231; x_wconf 90' lang='lat' dir='ltr'>ut</span> <span class='ocrx_word' id='word_1_135' title='bbox 490 2159 632 2231; x_wconf 86' lang='lat' dir='ltr'>sensum</span> <span class='ocrx_word' id='word_1_136' title='bbox 659 2158 811 2254; x_wconf 90' lang='lat' dir='ltr'>quidem</span> <span class='ocrx_word' id='word_1_137' title='bbox 832 2161 1033 2233; x_wconf 74' lang='lat' dir='ltr'>litteralem</span> <span class='ocrx_word' id='word_1_138' title='bbox 1049 2161 1214 2262; x_wconf 71' lang='lat' dir='ltr'>diligen»</span> 
     </span>
     <span class='ocr_line' id='line_1_20' title="bbox 118 2256 1213 2361; baseline 0.004 -27"><span class='ocrx_word' id='word_1_139' title='bbox 118 2279 177 2337; x_wconf 86' lang='lat' dir='ltr'>ter</span> <span class='ocrx_word' id='word_1_140' title='bbox 198 2258 411 2360; x_wconf 79' lang='lat' dir='ltr'>investiget,</span> <span class='ocrx_word' id='word_1_141' title='bbox 449 2256 648 2351; x_wconf 83' lang='lat' dir='ltr'>mysticum</span> <span class='ocrx_word' id='word_1_142' title='bbox 674 2276 799 2333; x_wconf 87' lang='lat' dir='ltr'>autem</span> <span class='ocrx_word' id='word_1_143' title='bbox 826 2279 937 2357; x_wconf 88' lang='lat' dir='ltr'>atque</span> <span class='ocrx_word' id='word_1_144' title='bbox 962 2263 1213 2361; x_wconf 87' lang='lat' dir='ltr'>allegoricum</span> 
     </span>
     <span class='ocr_line' id='line_1_21' title="bbox 117 2361 1212 2461; baseline 0.004 -25"><span class='ocrx_word' id='word_1_145' title='bbox 117 2388 198 2436; x_wconf 90' lang='lat' dir='ltr'>non</span> <span class='ocrx_word' id='word_1_146' title='bbox 215 2363 393 2461; x_wconf 83' lang='lat' dir='ltr'>negligat.</span> <span class='ocrx_word' id='word_1_147' title='bbox 455 2362 625 2458; x_wconf 90' lang='lat' dir='ltr'>Linguae</span> <span class='ocrx_word' id='word_1_148' title='bbox 644 2361 793 2434; x_wconf 88' lang='lat' dir='ltr'>ebraeae</span> <span class='ocrx_word' id='word_1_149' title='bbox 811 2387 931 2458; x_wconf 89' lang='lat' dir='ltr'>quum</span> <span class='ocrx_word' id='word_1_150' title='bbox 946 2363 1050 2435; x_wconf 83' lang='lat' dir='ltr'>haud</span> <span class='ocrx_word' id='word_1_151' title='bbox 1064 2367 1212 2461; x_wconf 76' lang='lat' dir='ltr'>peritus</span> 
     </span>
     <span class='ocr_line' id='line_1_22' title="bbox 117 2459 1225 2561; baseline 0.001 -23"><span class='ocrx_word' id='word_1_152' title='bbox 117 2463 253 2550; x_wconf 86' lang='lat' dir='ltr'>fuerit,</span> <span class='ocrx_word' id='word_1_153' title='bbox 280 2489 325 2536; x_wconf 85' lang='lat' dir='ltr'>ex</span> <span class='ocrx_word' id='word_1_154' title='bbox 342 2463 554 2561; x_wconf 89' lang='lat' dir='ltr'>ignorantia</span> <span class='ocrx_word' id='word_1_155' title='bbox 571 2464 640 2533; x_wconf 89' lang='lat' dir='ltr'>hac</span> <span class='ocrx_word' id='word_1_156' title='bbox 656 2480 790 2534; x_wconf 86' lang='lat' dir='ltr'>natum</span> <span class='ocrx_word' id='word_1_157' title='bbox 814 2459 863 2533; x_wconf 88' lang='lat' dir='ltr'>est</span> <span class='ocrx_word' id='word_1_158' title='bbox 880 2465 1225 2559; x_wconf 69' lang='lat' dir='ltr'>impedimentum,&#39;</span> 
     </span>
     <span class='ocr_line' id='line_1_23' title="bbox 119 2562 1213 2662; baseline 0.002 -26"><span class='ocrx_word' id='word_1_159' title='bbox 119 2589 197 2661; x_wconf 88' lang='lat' dir='ltr'>quo</span> <span class='ocrx_word' id='word_1_160' title='bbox 213 2565 340 2636; x_wconf 90' lang='lat' dir='ltr'>minus</span> <span class='ocrx_word' id='word_1_161' title='bbox 359 2562 485 2634; x_wconf 83' lang='lat' dir='ltr'>omnia</span> <span class='ocrx_word' id='word_1_162' title='bbox 501 2579 598 2634; x_wconf 87' lang='lat' dir='ltr'>recte</span> <span class='ocrx_word' id='word_1_163' title='bbox 615 2581 725 2658; x_wconf 86' lang='lat' dir='ltr'>atque</span> <span class='ocrx_word' id='word_1_164' title='bbox 742 2581 910 2636; x_wconf 85' lang='lat' dir='ltr'>accurate</span> <span class='ocrx_word' id='word_1_165' title='bbox 925 2564 969 2635; x_wconf 89' lang='lat' dir='ltr'>fit</span> <span class='ocrx_word' id='word_1_166' title='bbox 984 2563 1213 2662; x_wconf 77' lang='lat' dir='ltr'>alloquutus.</span> 
     </span>
     <span class='ocr_line' id='line_1_24' title="bbox 116 2659 1211 2766; baseline 0.005 -29"><span class='ocrx_word' id='word_1_167' title='bbox 116 2667 223 2737; x_wconf 87' lang='lat' dir='ltr'>Idem</span> <span class='ocrx_word' id='word_1_168' title='bbox 247 2671 458 2736; x_wconf 76' lang='lat' dir='ltr'>Essemus</span> <span class='ocrx_word' id='word_1_169' title='bbox 480 2666 774 2734; x_wconf 81' lang='lat' dir='ltr'>Commentarios</span> <span class='ocrx_word' id='word_1_170' title='bbox 799 2668 836 2734; x_wconf 89' lang='lat' dir='ltr'>in</span> <span class='ocrx_word' id='word_1_171' title='bbox 861 2659 1024 2763; x_wconf 80' lang='lat' dir='ltr'>Jesoiam</span> <span class='ocrx_word' id='word_1_172' title='bbox 1047 2692 1211 2766; x_wconf 88' lang='lat' dir='ltr'>compo·</span> 
     </span>
     <span class='ocr_line' id='line_1_25' title="bbox 26 2766 1212 2862; baseline 0.006 -24"><span class='ocrx_word' id='word_1_173' title='bbox 26 2775 29 2779; x_wconf 82' lang='lat'>&#39;</span> <span class='ocrx_word' id='word_1_174' title='bbox 117 2766 192 2838; x_wconf 85' lang='lat' dir='ltr'>suit</span> <span class='ocrx_word' id='word_1_175' title='bbox 224 2767 438 2860; x_wconf 88' lang='lat' dir='ltr'>horumque</span> <span class='ocrx_word' id='word_1_176' title='bbox 471 2789 646 2862; x_wconf 88' lang='lat' dir='ltr'>magnam</span> <span class='ocrx_word' id='word_1_177' title='bbox 678 2780 825 2860; x_wconf 84' lang='lat' dir='ltr'>partem</span> <span class='ocrx_word' id='word_1_178' title='bbox 854 2766 955 2838; x_wconf 89' lang='lat' dir='ltr'>idem</span> <span class='ocrx_word' id='word_1_179' title='bbox 986 2775 1123 2841; x_wconf 77' lang='lat' dir='ltr'>Brun.</span> <span class='ocrx_word' id='word_1_180' title='bbox 1149 2793 1212 2845; x_wconf 75' lang='lat' dir='ltr'>nx</span> 
     </span>
     <span class='ocr_line' id='line_1_26' title="bbox 115 2862 1213 2968; baseline 0.003 -27"><span class='ocrx_word' id='word_1_181' title='bbox 115 2873 421 2941; x_wconf 76' lang='lat' dir='ltr'>Monrrtucon</span> <span class='ocrx_word' id='word_1_182' title='bbox 443 2865 566 2938; x_wconf 86' lang='lat' dir='ltr'>dictae</span> <span class='ocrx_word' id='word_1_183' title='bbox 584 2862 816 2937; x_wconf 78' lang='lat' dir='ltr'>collectionis</span> <span class='ocrx_word' id='word_1_184' title='bbox 841 2874 884 2938; x_wconf 91' lang='lat' dir='ltr'>T.</span> <span class='ocrx_word' id='word_1_185' title='bbox 903 2874 949 2938; x_wconf 87' lang='lat'>11.</span> <span class='ocrx_word' id='word_1_186' title='bbox 967 2894 1004 2962; x_wconf 91' lang='lat' dir='ltr'>p.</span> <span class='ocrx_word' id='word_1_187' title='bbox 1023 2867 1109 2944; x_wconf 80' lang='lat'><strong>357.</strong></span> <span class='ocrx_word' id='word_1_188' title='bbox 1133 2873 1213 2968; x_wconf 87' lang='lat' dir='ltr'>pri-</span> 
     </span>
     <span class='ocr_line' id='line_1_27' title="bbox 115 2966 1210 3068; baseline 0.005 -28"><span class='ocrx_word' id='word_1_189' title='bbox 115 2992 203 3040; x_wconf 88' lang='lat' dir='ltr'>mus</span> <span class='ocrx_word' id='word_1_190' title='bbox 222 2992 349 3067; x_wconf 84' lang='lat' dir='ltr'>graece</span> <span class='ocrx_word' id='word_1_191' title='bbox 376 2992 417 3040; x_wconf 89' lang='lat' dir='ltr'>ac</span> <span class='ocrx_word' id='word_1_192' title='bbox 440 2967 555 3039; x_wconf 88' lang='lat' dir='ltr'>latine</span> <span class='ocrx_word' id='word_1_193' title='bbox 578 2966 620 3038; x_wconf 92' lang='lat' dir='ltr'>in</span> <span class='ocrx_word' id='word_1_194' title='bbox 644 2967 886 3061; x_wconf 82' lang='lat' dir='ltr'>conspectum</span> <span class='ocrx_word' id='word_1_195' title='bbox 931 2969 1103 3043; x_wconf 89' lang='lat' dir='ltr'>ublicum</span> <span class='ocrx_word' id='word_1_196' title='bbox 1119 2997 1210 3068; x_wconf 86' lang='lat' dir='ltr'>pro·</span> 
     </span>
     <span class='ocr_line' id='line_1_28' title="bbox 30 3069 1210 3166; baseline 0.008 -27"><span class='ocrx_word' id='word_1_197' title='bbox 30 3074 37 3095; x_wconf 88' lang='lat'><strong><em>‘</em></strong></span> <span class='ocrx_word' id='word_1_198' title='bbox 117 3069 237 3141; x_wconf 86' lang='lat' dir='ltr'>duxit.</span> <span class='ocrx_word' id='word_1_199' title='bbox 299 3071 454 3166; x_wconf 84' lang='lat' dir='ltr'>Qualem</span> <span class='ocrx_word' id='word_1_200' title='bbox 482 3072 765 3139; x_wconf 83' lang='lat' dir='ltr'>Commentariis</span> <span class='ocrx_word' id='word_1_201' title='bbox 794 3073 831 3139; x_wconf 90' lang='lat' dir='ltr'>in</span> <span class='ocrx_word' id='word_1_202' title='bbox 857 3072 890 3138; x_wconf 92' lang='lat' dir='ltr'><em>P</em></span> <span class='ocrx_word' id='word_1_203' title='bbox 905 3071 1047 3157; x_wconf 81' lang='lat' dir='ltr'>almos,</span> <span class='ocrx_word' id='word_1_204' title='bbox 1090 3076 1210 3148; x_wconf 85' lang='lat' dir='ltr'>talem</span> 
     </span>
     <span class='ocr_line' id='line_1_29' title="bbox 116 3168 1011 3267; baseline 0.001 -24"><span class='ocrx_word' id='word_1_205' title='bbox 116 3170 327 3267; x_wconf 83' lang='lat' dir='ltr'>explicandi</span> <span class='ocrx_word' id='word_1_206' title='bbox 344 3170 505 3243; x_wconf 88' lang='lat' dir='ltr'>modum</span> <span class='ocrx_word' id='word_1_207' title='bbox 521 3169 561 3239; x_wconf 91' lang='lat' dir='ltr'>in</span> <span class='ocrx_word' id='word_1_208' title='bbox 578 3168 635 3242; x_wconf 89' lang='lat' dir='ltr'>his</span> <span class='ocrx_word' id='word_1_209' title='bbox 653 3193 805 3265; x_wconf 89' lang='lat' dir='ltr'>quoque</span> <span class='ocrx_word' id='word_1_210' title='bbox 827 3170 1011 3246; x_wconf 74' lang='lat' dir='ltr'>adhibuit.</span> 
     </span>
     <span class='ocr_line' id='line_1_30' title="bbox 215 3262 1210 3372; baseline 0.005 -28"><span class='ocrx_word' id='word_1_211' title='bbox 215 3277 464 3344; x_wconf 74' lang='lat' dir='ltr'>Arntnnsu</span> <span class='ocrx_word' id='word_1_212' title='bbox 487 3262 743 3368; x_wconf 75' lang='lat' dir='ltr'>Expofitiones</span> <span class='ocrx_word' id='word_1_213' title='bbox 767 3274 803 3340; x_wconf 91' lang='lat' dir='ltr'>in</span> <span class='ocrx_word' id='word_1_214' title='bbox 828 3265 1016 3370; x_wconf 74' lang='lat' dir='ltr'>Pserimos,</span> <span class='ocrx_word' id='word_1_215' title='bbox 1043 3298 1210 3372; x_wconf 84' lang='lat' dir='ltr'>quarum</span> 
     </span>
     <span class='ocr_line' id='line_1_31' title="bbox 112 3373 1211 3473; baseline 0.005 -29"><span class='ocrx_word' id='word_1_216' title='bbox 112 3373 293 3469; x_wconf 85' lang='lat' dir='ltr'>reliquiae</span> <span class='ocrx_word' id='word_1_217' title='bbox 317 3391 466 3444; x_wconf 88' lang='lat' dir='ltr'>tantum</span> <span class='ocrx_word' id='word_1_218' title='bbox 489 3374 698 3444; x_wconf 88' lang='lat' dir='ltr'>nonnullae</span> <span class='ocrx_word' id='word_1_219' title='bbox 723 3397 851 3470; x_wconf 79' lang='lat' dir='ltr'>graeoe</span> <span class='ocrx_word' id='word_1_220' title='bbox 877 3399 919 3444; x_wconf 87' lang='lat' dir='ltr'>ac</span> <span class='ocrx_word' id='word_1_221' title='bbox 943 3374 1060 3446; x_wconf 84' lang='lat' dir='ltr'>latine</span> <span class='ocrx_word' id='word_1_222' title='bbox 1086 3401 1211 3473; x_wconf 89' lang='lat' dir='ltr'>quum</span> 
     </span>
     <span class='ocr_line' id='line_1_32' title="bbox 115 3471 1210 3572; baseline 0.005 -27"><span class='ocrx_word' id='word_1_223' title='bbox 115 3473 163 3545; x_wconf 87' lang='lat' dir='ltr'>ad</span> <span class='ocrx_word' id='word_1_224' title='bbox 187 3474 295 3547; x_wconf 85' lang='lat' dir='ltr'>usum</span> <span class='ocrx_word' id='word_1_225' title='bbox 318 3473 513 3568; x_wconf 88' lang='lat' dir='ltr'>publicum</span> <span class='ocrx_word' id='word_1_226' title='bbox 538 3475 736 3545; x_wconf 84' lang='lat' dir='ltr'>translatae</span> <span class='ocrx_word' id='word_1_227' title='bbox 760 3471 930 3560; x_wconf 83' lang='lat' dir='ltr'>fuillent,</span> <span class='ocrx_word' id='word_1_228' title='bbox 963 3471 1052 3548; x_wconf 88' lang='lat' dir='ltr'>istae</span> <span class='ocrx_word' id='word_1_229' title='bbox 1077 3473 1210 3572; x_wconf 89' lang='lat' dir='ltr'>postea</span> 
     </span>
     <span class='ocr_line' id='line_1_33' title="bbox 112 3573 1210 3674; baseline 0.004 -27"><span class='ocrx_word' id='word_1_230' title='bbox 112 3573 228 3671; x_wconf 91' lang='lat' dir='ltr'>longe</span> <span class='ocrx_word' id='word_1_231' title='bbox 254 3573 500 3670; x_wconf 78' lang='lat' dir='ltr'>copiosiores,</span> <span class='ocrx_word' id='word_1_232' title='bbox 535 3598 616 3646; x_wconf 93' lang='lat' dir='ltr'>non</span> <span class='ocrx_word' id='word_1_233' title='bbox 635 3576 746 3669; x_wconf 90' lang='lat' dir='ltr'>plene</span> <span class='ocrx_word' id='word_1_234' title='bbox 763 3591 910 3660; x_wconf 83' lang='lat' dir='ltr'>tamen,</span> <span class='ocrx_word' id='word_1_235' title='bbox 948 3593 1012 3646; x_wconf 87' lang='lat' dir='ltr'>aut</span> <span class='ocrx_word' id='word_1_236' title='bbox 1036 3577 1210 3674; x_wconf 82' lang='lat' dir='ltr'>integrae</span> 
     </span>
     <span class='ocr_line' id='line_1_34' title="bbox 112 3676 1206 3764; baseline 0.006 -20"><span class='ocrx_word' id='word_1_237' title='bbox 112 3698 198 3746; x_wconf 87' lang='lat' dir='ltr'>cura</span> <span class='ocrx_word' id='word_1_238' title='bbox 215 3677 499 3750; x_wconf 80' lang='lat' dir='ltr'>Monaohorum</span> <span class='ocrx_word' id='word_1_239' title='bbox 512 3676 1110 3764; x_wconf 79' lang='lat' dir='ltr'>Benedictinorum,&#39;nominatim</span> <span class='ocrx_word' id='word_1_240' title='bbox 1122 3682 1206 3751; x_wconf 82' lang='lat' dir='ltr'>Ins.</span> 
     </span>
    </p>
   </div>
   <div class='ocr_carea' id='block_1_3' title="bbox 106 3839 319 3860">
    <p class='ocr_par' dir='ltr' id='par_1_3' title="bbox 106 3839 319 3860">
     <span class='ocr_line' id='line_1_35' title="bbox 106 3839 319 3860; baseline 0.019 -4"><span class='ocrx_word' id='word_1_241' title='bbox 106 3839 319 3860; x_wconf 57' lang='lat' dir='ltr'>§bunun—u-</span> 
     </span>
    </p>
   </div>
   <div class='ocr_carea' id='block_1_4' title="bbox 142 3928 1208 4278">
    <p class='ocr_par' dir='ltr' id='par_1_4' title="bbox 142 3928 1208 4278">
     <span class='ocr_line' id='line_1_36' title="bbox 142 3928 1208 4003; baseline 0.006 -20"><span class='ocrx_word' id='word_1_242' title='bbox 142 3932 168 4000; x_wconf 77' lang='lat'>·)</span> <span class='ocrx_word' id='word_1_243' title='bbox 185 3931 230 3988; x_wconf 81' lang='lat' dir='ltr'>ct.</span> <span class='ocrx_word' id='word_1_244' title='bbox 251 3933 286 3988; x_wconf 79' lang='lat' dir='ltr'>G.</span> <span class='ocrx_word' id='word_1_245' title='bbox 308 3930 402 3991; x_wconf 79' lang='lat' dir='ltr'>Lm.</span> <span class='ocrx_word' id='word_1_246' title='bbox 420 3931 519 3989; x_wconf 67' lang='lat' dir='ltr'>spone</span> <span class='ocrx_word' id='word_1_247' title='bbox 538 3928 575 3984; x_wconf 80' lang='lat' dir='ltr'>de</span> <span class='ocrx_word' id='word_1_248' title='bbox 598 3928 716 3986; x_wconf 79' lang='lat' dir='ltr'>ratione</span> <span class='ocrx_word' id='word_1_249' title='bbox 737 3936 842 3986; x_wconf 78' lang='lat' dir='ltr'>terius</span> <span class='ocrx_word' id='word_1_250' title='bbox 863 3930 963 3988; x_wconf 72' lang='lat' dir='ltr'>sitrici·</span> <span class='ocrx_word' id='word_1_251' title='bbox 983 3929 1018 3986; x_wconf 85' lang='lat' dir='ltr'>in</span> <span class='ocrx_word' id='word_1_252' title='bbox 1037 3930 1208 4003; x_wconf 76' lang='lat' dir='ltr'>Epitraemi</span> 
     </span>
     <span class='ocr_line' id='line_1_37' title="bbox 174 3998 1205 4076; baseline 0.003 -25"><span class='ocrx_word' id='word_1_253' title='bbox 174 3999 247 4071; x_wconf 80' lang='lat' dir='ltr'>Syri</span> <span class='ocrx_word' id='word_1_254' title='bbox 270 4002 499 4056; x_wconf 75' lang='lat' dir='ltr'>Commentariis</span> <span class='ocrx_word' id='word_1_255' title='bbox 514 3998 594 4056; x_wconf 77' lang='lat' dir='ltr'>aton·</span> <span class='ocrx_word' id='word_1_256' title='bbox 609 4000 729 4072; x_wconf 79' lang='lat' dir='ltr'>eiusque</span> <span class='ocrx_word' id='word_1_257' title='bbox 745 3999 804 4069; x_wconf 84' lang='lat' dir='ltr'>usu</span> <span class='ocrx_word' id='word_1_258' title='bbox 822 4002 940 4063; x_wconf 84' lang='lat' dir='ltr'>critico,</span> <span class='ocrx_word' id='word_1_259' title='bbox 970 4001 1052 4076; x_wconf 82' lang='lat' dir='ltr'>Lips.</span> <span class='ocrx_word' id='word_1_260' title='bbox 1072 4006 1151 4061; x_wconf 84' lang='lat'><strong>1786.</strong></span> <span class='ocrx_word' id='word_1_261' title='bbox 1178 4010 1205 4061; x_wconf 81' lang='grc'>4.</span> 
     </span>
     <span class='ocr_line' id='line_1_38' title="bbox 171 4068 1205 4137; baseline 0.007 -18"><span class='ocrx_word' id='word_1_262' title='bbox 171 4079 200 4120; x_wconf 79' lang='lat' dir='ltr'>at</span> <span class='ocrx_word' id='word_1_263' title='bbox 218 4069 249 4120; x_wconf 83' lang='lat' dir='ltr'>F.</span> <span class='ocrx_word' id='word_1_264' title='bbox 268 4070 323 4125; x_wconf 84' lang='lat' dir='ltr'>Go.</span> <span class='ocrx_word' id='word_1_265' title='bbox 346 4071 511 4127; x_wconf 74' lang='lat' dir='ltr'>Ursentini</span> <span class='ocrx_word' id='word_1_266' title='bbox 531 4070 697 4137; x_wconf 79' lang='lat' dir='ltr'>Ephroems</span> <span class='ocrx_word' id='word_1_267' title='bbox 720 4070 749 4126; x_wconf 82' lang='lat' dir='ltr'>d.</span> <span class='ocrx_word' id='word_1_268' title='bbox 775 4072 796 4123; x_wconf 84' lang='lat' dir='ltr'><em>S</em></span> <span class='ocrx_word' id='word_1_269' title='bbox 820 4088 881 4123; x_wconf 84' lang='lat' dir='ltr'>rcrs</span> <span class='ocrx_word' id='word_1_270' title='bbox 898 4068 1060 4137; x_wconf 78' lang='lat' dir='ltr'>Anficiiten</span> <span class='ocrx_word' id='word_1_271' title='bbox 1084 4088 1147 4124; x_wconf 85' lang='lat' dir='ltr'>uon</span> <span class='ocrx_word' id='word_1_272' title='bbox 1173 4073 1205 4127; x_wconf 82' lang='lat' dir='ltr'>d.</span> 
     </span>
     <span class='ocr_line' id='line_1_39' title="bbox 169 4088 1205 4207; baseline 0.006 -19"><span class='ocrx_word' id='word_1_273' title='bbox 169 4135 330 4207; x_wconf 77' lang='lat' dir='ltr'>Porodiess</span> <span class='ocrx_word' id='word_1_274' title='bbox 353 4157 376 4192; x_wconf 82' lang='lat' dir='ltr'>se</span> <span class='ocrx_word' id='word_1_275' title='bbox 409 4141 437 4194; x_wconf 84' lang='lat' dir='ltr'>d.</span> <span class='ocrx_word' id='word_1_276' title='bbox 454 4141 535 4196; x_wconf 84' lang='lat' dir='ltr'>Folle</span> <span class='ocrx_word' id='word_1_277' title='bbox 551 4139 578 4191; x_wconf 81' lang='lat' dir='ltr'>d.</span> <span class='ocrx_word' id='word_1_278' title='bbox 597 4133 693 4202; x_wconf 77' lang='lat' dir='ltr'>ersten</span> <span class='ocrx_word' id='word_1_279' title='bbox 708 4088 893 4206; x_wconf 63' lang='lat' dir='ltr'>Menjilsem</span> <span class='ocrx_word' id='word_1_280' title='bbox 925 4142 958 4194; x_wconf 90' lang='lat' dir='ltr'>in</span> <span class='ocrx_word' id='word_1_281' title='bbox 981 4139 1093 4196; x_wconf 71' lang='lat' dir='ltr'>letaris</span> <span class='ocrx_word' id='word_1_282' title='bbox 1121 4138 1205 4196; x_wconf 74' lang='lat' dir='ltr'>zeit-</span> 
     </span>
     <span class='ocr_line' id='line_1_40' title="bbox 157 4203 887 4278; baseline 0.01 -23"><span class='ocrx_word' id='word_1_283' title='bbox 157 4203 235 4273; x_wconf 79' lang='lat' dir='ltr'>scttr.</span> <span class='ocrx_word' id='word_1_284' title='bbox 245 4205 275 4272; x_wconf 76' lang='lat' dir='ltr'>f.</span> <span class='ocrx_word' id='word_1_285' title='bbox 293 4207 320 4260; x_wconf 86' lang='lat' dir='ltr'>d.</span> <span class='ocrx_word' id='word_1_286' title='bbox 336 4203 437 4273; x_wconf 76' lang='lat' dir='ltr'>tristor.</span> <span class='ocrx_word' id='word_1_287' title='bbox 457 4206 661 4278; x_wconf 69' lang='lat' dir='ltr'>theologici,</span> <span class='ocrx_word' id='word_1_288' title='bbox 680 4216 711 4273; x_wconf 84' lang='lat' dir='ltr'>t.</span> <span class='ocrx_word' id='word_1_289' title='bbox 730 4211 887 4266; x_wconf 74' lang='lat' dir='ltr'>tit-318.</span> 
     </span>
    </p>
   </div>
   <div class='ocr_carea' id='block_1_5' title="bbox 0 0 1276 4724">
    <p class='ocr_par' dir='ltr' id='par_1_5' title="bbox 0 0 1276 4724">
     <span class='ocr_line' id='line_1_41' title="bbox 0 0 1276 4724; baseline 0 1"><span class='ocrx_word' id='word_1_290' title='bbox 0 0 1276 4724; x_wconf 95' lang='lat' dir='ltr'> </span> 
     </span>
    </p>
   </div>
  </div>
 </body>
</html>
