2542 4724
126 260 201 343 520
463 254 616 333 cir.
651 261 718 333 lx.
770 251 802 352 9.
829 256 892 333 87.

126 451 237 550 pouit
251 469 327 519 non
346 470 421 517 uno
436 470 563 543 panea
587 458 727 518 notura
752 426 915 542 conflat,
938 436 1005 545 led
1026 457 1064 517 et
1081 444 1221 519 divino.

128 552 255 627 Aliam
276 550 347 621 hac
372 547 417 619 de
438 572 479 619 re
504 546 726 619 sententiam
747 546 895 643 profert
909 552 937 618 Ι.
960 550 1006 619 A.
1027 552 1224 621 Enuzsrr

128 652 172 723 in
188 652 488 721 Antiruurotorio
503 643 537 749 s
559 647 828 748 Consolatione
851 651 1149 720 Muratorianae
1171 651 1226 722 di·

119 747 347 854 [putationis
363 750 408 820 de
427 748 532 820 rebus
549 740 750 850 liturgicii,
773 749 873 845 Lips.
893 748 1003 823 1755.
1022 749 1081 835 8.,
1094 751 1223 823 ¹recus.

129 855 169 925 in
187 858 386 925 Erusnaru
405 853 557 946 Opusec.
576 850 685 924 theol.
712 849 813 945 Lips.
827 850 935 922 1773.
947 852 981 922 8.
999 875 1035 945 p.
1050 850 1225 938 1-134„

130 949 409 1040 demonstrans,
441 952 634 1025 neminem
657 958 834 1023 Veterum
865 969 1009 1047 praeter
1037 946 1226 1025 Iustinum

129 1060 354 1146 Martyrem‚
381 1054 604 1125 Facundum
621 1071 657 1124 et
666 1048 971 1147 chrysostomum
986 1052 1027 1121 in
1045 1077 1126 1126 uno
1138 1056 1226 1151 Epi·

129 1150 245 1229 stolae
262 1156 308 1225 ad
327 1154 535 1225 Caesarium
551 1155 652 1239 loco,
682 1152 920 1240 Lutheranis,
948 1172 1116 1228 caeteros
1132 1180 1225 1229 reto

129 1258 191 1333 vel
216 1254 444 1329 Reformatis
474 1257 534 1327 vel
564 1260 741 1327 Romano
766 1296 782 1310 ·
809 1254 1010 1327 Catholicis
1042 1253 1223 1329 allentire.

131 1358 387 1429 Tertullianus
412 1374 508 1428 certe
531 1357 573 1427 in
599 1382 639 1428 ea
657 1352 705 1427 est
723 1355 922 1441 sententia,
949 1356 1089 1428 Panem
1109 1358 1224 1431 ervi·

127 1450 224 1528 ¹num
246 1454 312 1529 else
323 1452 503 1559 figuram
528 1459 698 1552 corporis
726 1475 762 1528 et
787 1454 978 1556 sanguinis
1003 1454 1155 1544 Christi,
1181 1476 1224 1529 ut

51 1584 56 1597 ·
128 1560 239 1631 locus
259 1558 338 1633 Lib.
357 1563 432 1629 IV.
449 1560 534 1629 arlo.
551 1563 786 1629 Marcionem
802 1564 888 1657 Cap.
904 1560 965 1631 40.
990 1558 1076 1630 satis
1105 1558 1224 1649 decta,

128 1678 200 1733 rat.
256 1658 311 1733 Cf.
329 1666 368 1732 F.
390 1664 434 1731 K.
458 1666 625 1732 annr
641 1659 738 1733 Vers.
765 1684 793 1733 e.
813 1658 939 1732 Gesch.
961 1659 996 1731 d.
1016 1659 1224 1733 Transsub-

126 1756 464 1835 stantiationslehre
480 1788 517 1858 p.
534 1759 561 1833 ll
577 1761 653 1859 sqq.

229 1868 275 1933 X.
307 1864 433 1934 Multa
457 1881 646 1958 praeterea
678 1863 765 1936 sunt
795 1863 837 1936 in
863 1869 1017 1936 Petrum
1041 1858 1223 1937 Ecclesiae

127 1962 256 2051 libris,
293 1989 387 2061 quae
412 1963 460 2035 ad
487 1990 614 2037 veram
641 1965 852 2037 doctrinam
878 1966 926 2061 de
950 1954 1114 2063 Ecclesia
1137 1966 1221 2037 illu·

53 2098 60 2115 =
128 2060 316 2137 strandam
342 2064 714 2163 confirmandamque
732 2069 932 2164 pertinent.
984 2066 1159 2139 Primum
1179 2090 1222 2139 ex

129 2164 206 2239 illis
231 2185 402 2263 apparet,
430 2170 661 2241 vocabulum
683 2160 866 2265 Ecclefioe
895 2167 1051 2263 proprie
1070 2166 1221 2263 usurpa·

128 2280 216 2339 tum
233 2266 339 2339 fuisse
358 2268 403 2340 de
419 2287 531 2341 coetu
547 2269 761 2354 hominum,
786 2294 872 2343 vera
889 2271 930 2339 in
947 2264 1135 2341 Christum
1151 2268 1221 2341 fide

128 2368 408 2463 praeditorum,
435 2371 502 2467 qui
524 2372 593 2443 hac
619 2370 665 2443 de
687 2367 804 2443 caussa
829 2370 949 2443 oculis
966 2368 1070 2441 haud
1086 2368 1221 2467 adspiri

127 2467 263 2565 potest.
315 2476 428 2565 Saepe
458 2472 534 2542 hoc
558 2473 722 2544 inculcat
745 2476 1017 2545 Aucusrrrrus
1048 2470 1222 2565 idemque

129 2573 249 2641 etalii
271 2571 419 2643 docent.
474 2573 635 2667 Quando
656 2598 773 2668 porro
792 2573 838 2645 de
854 2563 1016 2669 Ecclefia
1039 2570 1222 2644 catholieo

127 2670 361 2765 loquuntur,
387 2670 581 2769 perillam
607 2676 764 2747 minime
790 2675 906 2747 solam
925 2678 1143 2745 Romanam
1166 2674 1221 2744 in·

129 2773 329 2871 telligunt,
357 2773 417 2844 sed
443 2774 627 2847 catholica
649 2778 859 2871 appellatur
883 2774 1027 2847 abillis
1051 2771 1220 2860 Ecclesia,

130 2892 227 2967 quae
251 2874 348 2946 nulli
369 2877 476 2961 loc0‚
505 2879 603 2948 nulli
622 2877 725 2975 genti
751 2872 938 2961 adstricta,
964 2874 1027 2948 sed
1048 2900 1119 2971 per
1143 2876 1223 2947 uni·

129 2974 280 3047 versum
305 2977 435 3049 orbem
464 2974 594 3051 diffusa
619 2975 689 3063 est,
726 3003 798 3074 qua
822 3002 949 3049 veram
967 2995 1005 3048 et
1032 3002 1052 3050 a
1080 2972 1221 3050 Christo

130 3074 285 3172 eiusque
306 3071 495 3176 Apostoiis
519 3080 695 3153 traditam
723 3081 934 3152 doctrinam
960 3079 1167 3174 profitetur
1187 3094 1223 3149 et

130 3176 178 3247 ad
207 3204 320 3273 quam
354 3181 532 3263 omnibus
560 3182 809 3269 mortalibus,
852 3182 1126 3278 cuiuscumque
1154 3176 1224 3251 sint

130 3280 384 3371 conditionis,
413 3286 563 3370 aetatis,
592 3285 718 3369 sexus,
747 3280 901 3356 accessus
925 3300 1039 3377 patet.
1092 3282 1224 3355 Diver-

128 3376 185 3450 sas
199 3382 265 3455 has
281 3386 457 3471 rationes,
476 3378 677 3484 Ecclefiom
688 3385 850 3459 vocandi
866 3383 1105 3469 catholicam,
1122 3406 1224 3457 enar·

128 3498 188 3551 rat
205 3488 412 3561 Crnrcnus
429 3482 571 3590 Hierofl
591 3482 773 3585 Cateclrefi
792 3488 945 3557 XVIII.
964 3512 1001 3582 p.
1019 3484 1110 3561 270.
1155 3490 1224 3553 Ka·

128 3584 247 3677 θολικῖ)
271 3590 327 3682 μὲν
353 3593 518 3679 καλεῖται,
562 3594 612 3662 διὰ
636 3595 674 3661 τὸ
700 3591 783 3661 κατὰ
808 3586 907 3679 πάσης
936 3584 1010 3661 εἶναι
1035 3592 1095 3679 τῆς
1121 3590 1225 3659 οἴκου·

130 3812 214 3856 ww
241 3796 423 3879 καθολικῶς
453 3803 505 3864 καὶ
531 3798 720 3880 ἂνελλειπῶς
750 3794 877 3864 ἅπαντα
901 3790 943 3860 'td
968 3798 1010 3875 εἷς
1034 3798 1151 3881 γνῶσιν
1175 3794 1227 3861 ἂν·

127 3890 266 3981 Quietae
299 3894 401 3969 ἕλθειν
433 3898 605 3985 ὀφείλοντα
643 3899 803 3995 δόγματα,
843 3895 913 3988 περί
949 3923 986 3967 re
1018 3894 1140 3989 ὁρατῶν
1175 3892 1227 3963 troi

128 3992 268 4089 dopdrue
293 4001 503 4097 πραγμάτων,
533 4002 717 4097 ἐπουρανίων
747 4028 785 4073 ra
819 3998 872 4070 καὶ
903 4000 1062 4087 ἐπιγείων·
1096 3992 1152 4065 utri
1179 3997 1228 4067 διὰ

128 4108 168 4177 τὸ
192 4110 257 4181 πᾶν
280 4105 366 4195 γένος
395 4105 565 4202 ἀνθρὼπων
598 4108 638 4188 εἰς
670 4100 831 4191 ciuilium
864 4094 1071 4190 ὗποτιὶσσειν,
1104 4098 1228 4195 ἀρχόν-
