2542 4724
371 296 377 304 ’
439 328 585 402 cra.
618 331 665 401 11.
703 334 754 423 ς.
782 334 843 404 21:
1118 274 1191 409 rot

81 517 292 620 frepiffime
309 520 508 619 separatim
523 521 564 592 in
581 522 705 594 lucem
723 521 869 617 prodiit
880 563 902 607 ‚-
920 520 1048 621 graeca
1069 524 1111 593 tic
1126 523 1196 593 lat..

80 627 219 724 lingua
246 620 410 719 cumque
433 625 537 695 notis
562 649 605 695 ac
620 625 732 696 variis
752 624 991 696 lectionibus.
1044 630 1193 696 Praeter

85 728 206 811 alios,
230 751 336 820 ¹quos
353 726 610 820 praeterimus,
640 732 715 797 VV.
734 731 820 796 DD.
838 726 1066 797 laudabilem
1082 724 1193 796 indu·

82 824 212 899 [triam
231 827 282 896 ad
297 827 403 897 illam
420 827 680 898 recensendam
699 826 964 898 adhibuerunt
1015 827 1192 921 Princeps

84 954 225 1000 eorum
251 923 303 999 est
326 932 445 1025 Hugo
471 931 640 1015 Grotim,
677 929 742 1023 qni
762 925 880 999 studia
903 928 967 1000 sua
992 930 1033 998 in
1056 953 1100 999 eo
1122 952 1193 1022 po·

85 1030 177 1114 fuit,
199 1048 248 1100 ut
267 1027 391 1100 Bafilii
409 1020 627 1100 Orationem
649 1030 747 1099 hanc
763 1055 865 1120 nova
882 1030 1193 1125 interpretatione

87 1149 264 1215 omaret,
290 1131 387 1200 locis
406 1130 630 1224 quibusdam
656 1132 871 1202 emendaret
888 1156 929 1203 ac
945 1138 1192 1203 Ptorrncm

82 1234 230 1304 librum
253 1231 300 1301 de
316 1232 479 1328 legendis
496 1235 621 1301 Poetis
636 1233 901 1327 praemitteret,
927 1237 1007 1303 Par.
1026 1229 1190 1317 16214.
1207 1244 1226 1299 .“

85 1340 183 1405 Cum
201 1332 337 1404 eadem
353 1330 524 1404 verdone
536 1334 666 1403 Oratio
684 1331 774 1404 haec
790 1331 1193 1427 Bafilii·Plutarchique

84 1436 277 1507 adductus
300 1434 395 1504 liber
415 1452 458 1502 ut
477 1435 601 1505 denuo
618 1437 743 1505 lucem
764 1435 954 1520 viderent,
987 1438 1043 1505 Io.
1062 1438 1192 1504 Potte·

84 1563 145 1607 rus
164 1536 319 1607 curavit
344 1553 457 1629 atque
481 1535 528 1604 ad
551 1535 665 1606 finem
684 1537 892 1611 voluminis
915 1536 1036 1606 varias
1058 1536 1193 1607 discre-

81 1654 219 1735 pantes
250 1635 449 1730 scripturas
474 1661 518 1711 aa
548 1636 739 1708 breviores
766 1635 1105 1715 animadversiones
1129 1636 1194 1723 ad·

82 1740 193 1823 iecit,
224 1742 351 1810 Oxonss
374 1732 483 1810 1601.
503 1737 538 1809 8.
590 1737 720 1809 Editio
739 1741 831 1811 haec
849 1741 989 1811 iterum
1011 1737 1192 1831 descripta

82 1839 133 1914 est
158 1866 193 1913 o
221 1840 337 1910 novis
362 1857 474 1933 atque
506 1839 662 1911 eruditis
685 1843 789 1911 notis
813 1847 869 1912 Io.
895 1847 945 1911 H.
972 1843 1073 1911 Maii
1093 1838 1192 1922 Filii,

82 1939 184 2015 Prcf.
205 1940 320 2012 1714.
343 1936 378 2009 4.
414 1958 451 2010 et
470 1966 546 2010 cur.
572 1946 628 2011 Io.
654 1934 905 2038 Tob.1{rebfii
931 1941 1006 2013 line
1022 1940 1192 2013 verfione

80 2045 149 2117 lat.
179 2041 249 2114 sed
269 2067 301 2112 c.
326 2040 429 2112 notis
452 2042 492 2110 in
513 2042 621 2112 usum
639 2041 867 2127 scholarum,
902 2044 1002 2140 Lips.
1025 2044 1134 2117 1770.
1154 2041 1211 2114 8.·

82 2145 256 2216 Incalce
272 2142 434 2212 subiecta
456 2140 504 2211 est
520 2144 710 2226 Proiufio,
747 2170 819 2238 qna
843 2147 956 2217 lectio
982 2149 1194 2217 Auctorum
1247 2142 1250 2147 ’

84 2263 179 2318 vett.
199 2270 222 2317 e
241 2241 366 2314 Basilii
383 2249 439 2314 M.
462 2244 658 2338 disciplina
677 2246 983 2330 commendatur,
1019 2265 1126 2316 antea
1143 2247 1192 2319 se-

85 2347 255 2444 paratim
271 2345 371 2440 Lips.
391 2345 498 2415 1772.
517 2344 556 2417 li.
584 2344 693 2415 edita.
740 2343 997 2429 Recentiffima
1015 2348 1194 2440 utilisque

87 2449 209 2519 editio
230 2443 292 2531 est,
319 2471 414 2541 quae
456 2472 557 2517 raece
575 2470 604 2516 c.
620 2450 690 2517 Iul.
711 2447 893 2517 Garnierii
914 2465 950 2517 et
966 2454 1096 2542 Frpnt.
1114 2455 1194 2518 Du·

88 2550 171 2620 caei
196 2471 454 2619 animadversi.
480 2566 516 2618 ot
541 2547 646 2618 notis
672 2565 709 2619 et
731 2548 856 2619 indice
877 2545 1055 2619 illustrata
1074 2573 1136 2642 op.
1157 2569 1195 2621 et

88 2647 185 2721 stud.
206 2654 250 2720 F.
270 2653 329 2719 W.
349 2653 484 2718 Sturzii
501 2649 662 2745 prodiit,
694 2655 776 2721 Ger.
798 2642 968 2767 17918.
1004 2651 1073 2742 (10
1091 2649 1170 2738 Gr.)
1227 2676 1230 2695 ’

196 2826 410 2891 Ganconn
429 2811 534 2920 Npff.
558 2841 832 2907 monumenta,
868 2820 1063 2918 separatim
1083 2823 1192 2904 edito,

94 2922 141 2993 in
156 2922 330 2993 matribus
346 2923 595 2993 Eruditorum
614 2922 711 3007 sunt,
735 2949 830 3018 quae
848 2950 952 2996 nunc
966 2925 1194 3025 seqnuntur:

173 3056 216 3150 1)
233 3047 401 3154 Epistola
420 3059 471 3126 ad
486 3053 649 3154 sororem
665 3048 922 3155 Eustathiom‚
959 3052 1197 3158 Ambrofiam

83 3154 293 3261 filiamque
310 3150 536 3258 Baſsliffam,
561 3185 677 3255 quam
700 3161 846 3255 primus
868 3153 988 3260 Isaac.
1008 3155 1194 3262 Cosoubo·
1220 3180 1225 3189 '

88 3287 163 3332 nus
188 3285 318 3359 graece
345 3285 374 3331 c.
401 3261 591 3354 interpret.
619 3261 683 3332 sua
708 3285 750 3332 ac
771 3261 875 3333 notis
892 3265 1082 3375 vulgavit,
1112 3268 1192 3334 Par.

92 3362 208 3437 1606.
229 3362 287 3443 8.,
313 3368 468 3432 Hanov.
490 3362 598 3435 1607.
624 3362 660 3436 8.
944 3438 950 3455 ,

167 3465 213 3552 2)
239 3454 406 3558 Epistola
430 3464 591 3551 περὶτῶν
616 3464 768 3538 ἀπιόντων
793 3471 835 3552 εἰς
862 3466 1061 3564 Ἱεροσόλυμα
1080 3465 1124 3537 de
1139 3468 1195 3557 iis,

91 3568 159 3661 qui
180 3565 323 3634 adeunt
339 3559 615 3664 Hierosolyma,
642 3591 756 3660 quam
773 3567 969 3663 separatim
987 3595 1017 3640 c.
1033 3571 1097 3639 lat.
1113 3593 1194 3639 ver·

91 3666 200 3738 lione
219 3690 262 3735 ac
278 3667 381 3737 notis
403 3684 440 3736 et
460 3666 631 3737 Diatriba
649 3667 792 3764 duplici
822 3670 866 3741 de
882 3668 1197 3769 Peregrinationi·
1235 3695 1240 3698 ·

92 3768 166 3839 but
191 3765 374 3864 religiofis
402 3785 439 3836 et
465 3768 511 3839 de
534 3769 722 3841 Altaribus
739 3770 1010 3866 Sacrificiisque
1027 3767 1197 3841 Christia·
1245 3818 1248 3835 .

92 3893 237 3941 norum
257 3866 374 3938 edidit
392 3868 471 3938 Pet.
492 3870 726 3956 Molinaeus,
753 3877 832 3941 Par.
853 3871 962 3946 1605.
989 3890 1026 3943 et
1044 3878 1194 3942 Hanova

97 3970 210 4041 1607.
227 3969 265 4042 8.
316 3969 500 4039 Adiunxit
517 3993 672 4066 quoque
687 3979 747 4043 Ιο.
765 3978 814 4042 Η.
833 3977 1089 4044 Hammona
1108 3973 1196 4067 Epi-

94 4066 230 4141 stolam
248 4071 346 4140 hanc
363 4096 417 4166 gr.
435 4095 476 4143 ac
494 4073 559 4143 lat.
580 4070 841 4145 Differtationi
857 4073 944 4144 suae
962 4074 1009 4144 de
1026 4077 1197 4169 Peregri-

96 4169 310 4241 nationibus
327 4164 519 4270 religiosts,
548 4191 660 4269 atque
684 4174 768 4248 adv.
796 4174 1009 4248 Gretserum
1035 4198 1116 4247 eam
1134 4174 1197 4246 de·

94 4268 240 4356 iendit,
269 4267 398 4371 Tigur.
421 4274 529 4346 1670.
556 4275 592 4348 8.
639 4318 647 4331 x
787 4275 790 4278 ⁴
1198 4267 1200 4272 ’
