2542 4724
76 268 180 351 490
424 240 469 355 ¹C
498 300 587 373 te.
621 282 688 350 lx.
742 280 776 369 §.
805 274 865 357 84.

102 458 221 533 causs'a
237 482 363 538 autem
379 466 547 561 plerique
564 461 795 551 existimant,
823 463 889 562 qui
906 462 1022 538 hodie
1037 462 1192 553 exstant,

101 586 168 633 eos
190 565 234 635 ab
253 562 450 638 Ambrosio
474 590 557 637 non
583 564 831 659 compolitos,
858 584 924 636 aut
946 567 999 638 ita
1022 567 1193 667 interpo-

100 662 202 736 latos
218 665 343 752 fuiffe,
370 685 415 737 ut
432 691 578 738 novam
592 668 701 761 plane
719 663 853 738 faciem
870 667 1075 741 induerint.

205 806 537 875 Cunrsosrotuus
567 796 671 872 Libb.
693 804 758 870 VI
779 809 846 896 περὶ
869 800 1030 895 ἱερωσύνης
1052 803 1099 876 de
1122 808 1196 877 Sa*

103 903 291 982 cerdoti05
351 906 457 995 Λόγος
493 901 708 995 reponentem
754 933 825 998 προς
869 910 1054 997 Σταγείρων
1100 909 1198 999 donti-

104 1032 162 1093 την
192 1006 404 1093 demonium,
441 1006 486 1074 de
517 1003 753 1103 providentia
783 1007 877 1090 Dei,
918 1006 967 1077 ad
991 1006 1199 1105 Stagirium

101 1107 340 1179 Monachum
355 1106 465 1179 Libb.
482 1111 546 1176 111.

206 1246 413 1315 Crnrrnus
429 1243 557 1327 Alam,
584 1258 716 1315 auctor
740 1241 934 1340 variorum
955 1240 1198 1341 scriptorum,

106 1338 245 1437 quibus
264 1343 372 1416 locus
399 1343 462 1415 hic
478 1340 650 1441 assignari
673 1340 805 1439 potest.
859 1349 956 1416 Sunt
971 1346 1056 1417 illa:
1085 1351 1130 1413 ‘H
1143 1350 1201 1426 Bt·

66 1488 69 1493 -
105 1446 187 1527 βλος
216 1450 281 1515 τῶν
304 1452 474 1538 &panaetio
504 1446 571 1538 περὶ
603 1451 663 1533 τῆς
687 1451 777 1535 ἁγίας
803 1446 856 1515 καὶ
880 1448 1043 1536 ὀμοουσὶας
1063 1447 1199 1541 Τριόδος

111 1539 344 1647 Utosauruu
358 1540 392 1647 s
410 1547 455 1617 de
490 1558 603 1617 ancta
618 1561 656 1617 et
672 1538 969 1644 consubstantiali
991 1550 1203 1625 Trinitate3

108 1646 155 1717 de
174 1644 307 1746 sancta
333 1662 370 1717 et
394 1672 460 1718 con
479 1637 694 1742 ubstantiali
721 1650 905 1717 Trinitate
928 1649 1090 1746 Dialogi
1115 1652 1206 1719 VII

107 1747 157 1819 ad
181 1747 341 1820 eundem
357 1744 615 1835 Nemefinunr‚
650 1747 697 1817 ad
723 1772 835 1842 quem
852 1747 1131 1839 Thesaurotum
1154 1750 1204 1821 li·

105 1847 220 1921 brum
238 1846 356 1933 misit,
369 1844 372 1851 ’
383 1849 519 1945 quibus
536 1848 777 1947 subiungitur
790 1847 910 1919 veluti
928 1848 1205 1945 compendium

57 2036 63 2053 ἱ
107 1950 267 2048 Dialogi
292 1950 458 2045 septimi,
495 1950 540 2020 de
564 1938 705 2045 Spiritu
728 1952 766 2020 S.
788 1948 976 2044 inscripti,
1011 1968 1049 2022 et
1066 1950 1203 2046 potius

108 2070 432 2149 argumentorum,
447 2051 489 2122 in
504 2046 573 2122 isto
593 2051 858 2135 adductorum,
876 2052 1052 2146 epitome.
1103 2055 1205 2123 Dia·

108 2150 220 2251 lngus
245 2152 290 2223 de
313 2155 568 2225 incarnatione
594 2154 792 2251 unigeniti,
829 2153 941 2235 alter,
977 2153 1078 2246 quod
1107 2179 1208 2225 unus

105 2244 155 2351 [rt
173 2244 332 2351 Christus
339 2283 356 2334 ;
380 2254 475 2327 liber
492 2255 560 2350 napi
583 2260 641 2347 τῆς
662 2256 755 2348 ὀρθῆς
769 2262 903 2330 πίστεως
920 2253 965 2325 de
987 2266 1090 2325 recta
1100 2250 1204 2355 fide,

111 2354 162 2428 ad
177 2355 430 2430 Theodosium
443 2363 538 2452 Imp.

217 2498 557 2573 Tneonomus,
584 2490 690 2562 cuius
704 2496 741 2562 X
760 2494 957 2564 Orationes
973 2489 1041 2588 aspi
1056 2500 1205 2589 προνοίας

111 2592 159 2666 de
174 2592 429 2691 providentia,
455 2592 682 2662 Antiochiae
700 2594 866 2678 habitae,
894 2594 1132 2668 conservatae
1150 2612 1208 2667 at·

112 2720 187 2792 que
211 2693 259 2765 ad
281 2717 353 2764 nos
376 2693 518 2764 delatae
542 2692 640 2763 sunt·
700 2691 826 2765 Exstat
877 2718 1007 2789 uoque
1033 2695 1209 2770 eiusdem

112 2820 233 2889 opus,
260 2792 501 2887 inscriptum:
535 2793 714 2888 Ἐρανιστὴς
734 2720 933 2891 Eranidtes,
960 2795 985 2866 s.
1002 2794 1209 2894 Polymor·

110 2896 226 2994 phas,
255 2912 417 2988 quatuor
441 2895 566 2980 libris,
595 2921 758 2992 quorum
782 2914 856 2969 tres
882 2897 1027 2990 priores
1048 2898 1211 2996 Dialogi

113 2995 280 3070 formam
298 2994 448 3080 habent;
467 3014 621 3091 quartus
638 3014 765 3067 autem
780 2996 1015 3069 inscribitur:
1037 3000 1211 3072 Demon-

111 3088 244 3193 stratio
276 3120 345 3193 per
368 3097 627 3197 Syllogismos·
687 3098 901 3192 Exponitur
928 3098 1129 3195 praecipue
1163 3100 1212 3173 de

113 3200 260 3271 unione
277 3199 437 3270 duarum
456 3216 678 3269 naturarum
694 3198 736 3268 in
750 3196 904 3273 Christo.

215 3338 471 3416 Stnvmnus,
496 3324 635 3429 Maffil.
653 3333 719 3428 qui
734 3331 783 3403 ad
796 3330 964 3429 posteros
980 3332 1213 3413 transmifitt

112 3434 320 3511 Libnvm
337 3435 382 3506 de
395 3435 635 3507 Providentia
657 3448 693 3504 et
712 3431 982 3533 gubernatione
1003 3438 1078 3506 Dei
1100 3452 1143 3507 et
1166 3440 1215 3513 de

115 3528 207 3634 iusto
230 3561 276 3607 ac
294 3530 477 3637 praesenti
500 3540 575 3608 eius
598 3535 750 3622 iudicio,
778 3534 827 3609 ad
849 3536 1047 3609 Salonium
1069 3537 1216 3635 Epist..

117 3636 345 3735 discipulum
367 3638 462 3710 olim
477 3637 598 3709 fuum.

216 3780 505 3859 tutaremus,
529 3772 637 3847 cuius
661 3774 707 3845 de
723 3775 879 3845 veritate
896 3764 1216 3869 Praedefiinatio·

117 3879 175 3949 nis
198 3890 235 3949 et
251 3877 388 3948 Gratia
407 3874 527 3947 libros
552 3892 626 3947 tres
648 3880 727 3945 Iac.
743 3877 962 3948 Sirrnondus
986 3874 1106 3947 edidit
1128 3883 1215 3951 Per.

117 3978 231 4053 1612.
255 3976 291 4051 8.
343 3979 378 4050 A
398 3975 551 4071 reliquis
568 3976 790 4051 huiusmodi
809 3974 953 4073 scriptia
973 3984 1219 4055 'commento-

119 4077 245 4157 randis
262 4072 496 4153 abstinemus.
