2542 4724
124 238 242 355 aaa
351 324 354 333 .
434 248 713 348 caa‘xrn.
768 268 915 362 §.na

112 388 115 401 Ι
584 462 621 550 §-
677 456 761 530 123.

231 627 312 729 Qui
330 644 471 725 quarto
491 624 799 722 aciequentibus
812 623 966 699 Seculis
980 620 1223 716 floruerunt,

131 728 286 807 ordinis
311 727 410 802 sacri
433 733 568 801 Patres
593 727 762 800 moralia
784 742 1105 825 pertractarunt,
1142 753 1224 803 non

131 831 263 907 solum
287 829 376 902 (lata
401 828 607 904 occasione
640 853 684 900 ac
712 828 842 901 veluti
859 828 912 901 ,jn
935 825 1126 917 tranfitu,
1162 826 1225 902 sed

130 930 254 1007 etiam
277 929 468 1029 fingulari
491 955 615 1031 opera
642 943 759 1026 atque
786 952 837 1027 ex
859 928 1065 1016 instituto,
1100 930 1226 1030 inpri-

109 1033 208 1110 'mis
231 1056 357 1128 quum
371 1032 583 1129 Pelagiana
608 1029 827 1105 certamina
846 1023 1075 1117 efficerent,
1101 1046 1151 1103 ut
1171 1056 1226 1105 ar·

130 1147 323 1233 gumenta
341 1131 538 1228 quaedam
557 1131 786 1229 theologiae
807 1130 973 1204 moralis
997 1155 1019 1202 a
1035 1130 1226 1206 Doctori·

129 1234 207 1311 bus
232 1232 296 1306 lais
324 1231 556 1332 diligentius
583 1247 877 1324 enarrarentur.³
929 1235 977 1304 ln
1000 1229 1067 1305 lais
1094 1247 1226 1325 tarnen

105 1364 110 1375 ·
130 1331 321 1424 fuerunt,
350 1335 420 1431 qui
436 1351 559 1407 tenue
577 1331 739 1406 dicendi
756 1357 883 1431 genus
903 1348 1016 1431 atque
1042 1332 1226 1432 apostoli·

122 1447 227 1509 num
244 1433 501 1536 proponendi
518 1432 688 1507 modurn
703 1433 954 1532 negligerent
979 1459 1023 1508 ac
1042 1432 1224 1533 turgidae

108 1561 301 1637 operam
323 1534 464 1611 darent
491 1533 765 1631 eloquentiae,
792 1558 869 1607 nee
890 1532 1047 1608 debitae
1068 1561 1224 1610 accura-

22 1642 43 1703 .'
130 1636 279 1731 tionis,
304 1634 385 1709 five
413 1635 511 1732 quid
536 1633 839 1734 explicandum,
866 1632 947 1708 sive
970 1635 1224 1736 probandum

29 1787 33 1795 ·
131 1734 278 1825 fuerit,
305 1734 466 1810 studiosr
486 1733 617 1810 allent.
671 1735 735 1810 Ad
753 1750 922 1815 aetatem
935 1735 1041 1809 hauc
1060 1734 1224 1833 sequeu-

38 1858 41 1865 '
132 1837 189 1908 tia
206 1862 298 1909 cum
313 1865 548 1937 graecorum,
575 1853 664 1912 tum
680 1841 883 1912 latinorum
901 1841 1069 1911 Patrum
1081 1862 1224 1914 monu-

128 1953 267 2051 nrenta
281 1939 505 2038 pertinent:

230 2080 403 2147 Basrnrr
428 2080 571 2176 Magni
598 2077 752 2174 scripta,
787 2101 952 2174 quorum
975 2102 1116 2176 magna
1146 2100 1223 2173 pan

130 2178 306 2267 Homiliis
339 2177 545 2250 absolvitur
568 2205 610 2251 ac
638 2181 808 2274 quanivis
840 2181 971 2251 multis
1003 2196 1222 2277 argumenta

130 2280 289 2350 moralia
303 2298 529 2363 enarrentur,
542 2306 571 2350 e.
584 2308 618 2378 g.
629 2284 695 2375 περὶ
712 2292 858 2372 νηστείας,
870 2282 1076 2363 deleinnio,
1089 2276 1163 2374 περὶ
1178 2275 1223 2351 εὖ·

130 2385 296 2471 χοριστίας
326 2380 371 2453 de
399 2382 617 2453 Gratiarum
650 2386 815 2467 actione,
856 2391 925 2474 περὶ
959 2378 1153 2467 ’πλεονεξίας
1186 2381 1223 2451 de

129 2484 320 2569 Avaritia,
348 2489 432 2555 κατὰ
454 2486 650 2577 ὀργιζομένων
676 2484 721 2554 de
743 2489 830 2569 Ira,
856 2485 924 2577 περὶ
949 2488 1074 2569 φθόνου
1104 2485 1151 2554 de
1168 2488 1222 2552 In·

129 2584 253 2668 viclia,
280 2585 348 2677 περὶ
373 2592 431 2658 ποῦ
455 2588 499 2678 μὴ
525 2587 747 2679 προσηλῶσθαι
771 2597 838 2670 τοῖς
858 2586 1021 2668 (irroravit
1047 2585 1095 2656 de
1115 2582 1223 2657 Abdi-

91 2760 96 2768 ,
132 2688 278 2754 catione
303 2712 444 2770 rerum,
471 2692 536 2780 περὶ
557 2684 845 2778 ταπεινοφροσύνης
868 2687 1153 2758 deltamttirate
1177 2702 1224 2756 at·

132 2809 204 2881 que
229 2788 338 2872 aliae,
371 2814 390 2859 a
414 2786 591 2886 fingulari
622 2806 747 2860 tamen
774 2788 924 2858 illarum
952 2810 1224 2859 commemora·

129 2888 237 2956 tione
256 2886 491 2976 abstinemus,
510 2915 627 2986 quum
641 2886 726 2960 istae
739 2890 861 2959 oblata
872 2900 1021 2959 tantum
1038 2886 1223 2959 occasione

132 2987 358 3082 compositae
397 2991 493 3061 sunt.
576 2992 776 3085 Praecipue
811 2989 1001 3061 referenda
1037 2991 1116 3061 huc
1150 2989 1224 3059 sunt

124 3085 248 3157 Ἥθοιο
289 3091 316 3161 s.
339 3093 527 3175 Mortalia,
567 3094 706 3189 regulis
738 3092 893 3176 tradita,
937 3091 1078 3185 quibua
1114 3087 1223 3161 veluti

40 3232 45 3241 =
132 3189 487 3277 sumnradoctrinae
509 3190 724 3285 christianae
749 3193 793 3262 de
808 3192 981 3271 ¹moribus
1007 3193 1221 3263 continetur

132 3313 175 3360 ac
191 3290 332 3389 lingula
351 3290 457 3365 effata
470 3294 722 3387 ScripturaeS.
736 3290 957 3365 testimoniis
974 3294 1221 3389 comproban-

131 3409 206 3461 tur.
279 3400 357 3463 Nec
392 3396 519 3465 omitti
553 3396 688 3466 debent
729 3396 894 3466 eiusdem
917 3398 1094 3483 Ἀσκηπικὰ
1121 3386 1158 3493 s.
1187 3392 1224 3462 de

131 3495 167 3563 in
185 3494 413 3566 titutiour'bus
430 3495 706 3567 Monacltorum
730 3501 923 3568 Sermones
949 3497 1051 3574 ἄκος
1079 3496 1122 3567 it.
1142 3496 1222 3586 Ὅσοι

131 3599 216 3662 κατὰ
236 3598 399 3681 πλάτους,
420 3600 601 3695 Ἰἰσὲιιῖοσ
614 3592 732 3695 fufius
749 3592 958 3698 disputatae
973 3624 1017 3668 ac
1034 3597 1128 3687 Ὀοοι
1149 3596 1222 3665 κοτὲ

130 3696 277 3789 ἐπιτομήν
296 3700 463 3796 Itegulae
480 3694 732 3800 corripendiose
747 3692 954 3798 expofitaa:
978 3720 1132 3793 praeter
1145 3700 1223 3769 haec

130 3816 276 3881 autent,
306 3803 516 3871 Conciones
546 3803 706 3872 morales
724 3807 844 3872 XXIV
868 3825 913 3870 ex
930 3801 1036 3871 libris
1058 3808 1221 3871 Basutt

131 3905 364 3972 aSrnronn
383 3893 570 3999 Magistro
597 3921 808 3997 excerptae,
843 3902 1110 3998 adiungendae
1133 3903 1218 3973 sunt.

131 4004 267 4074 Omnia
291 4005 381 4073 haec
405 4001 549 4098 ingenii
573 4021 841 4089 monumenta,
880 4029 975 4098 quae
1001 4030 1022 4074 a
1048 4011 1219 4075 tarsun

130 4108 359 4203 accepimus,
386 4106 507 4176 multa
519 4122 629 4194 recte,
656 4104 848 4203 perspicue
863 4128 905 4178 ac
921 4107 1116 4203 praeclara
1132 4106 1217 4177 dicta
