2542 4724
136 261 213 343 796
408 259 492 335 Ca
518 276 555 331 1».
587 256 668 328 XV.
719 250 755 339 ὅ.
783 241 981 325 15311541

135 446 352 530 necessaria
373 443 414 517 v'
473 439 584 523 sunt,
617 433 870 524 adiiciamus,
932 435 1223 513 Prudmrtaeet

138 554 248 652 1).in
274 541 540 623 diiudicandis
558 544 722 619 Patrum
738 535 848 624 Eccl,
870 533 1038 636 scriptis
1066 555 1177 613 caute
1195 553 1224 615 et

48 686 59 717 1
138 647 424 747 circumspecte
447 639 616 728 versari,
643 655 689 711 ut
712 661 811 710 vera
829 662 851 708 a
869 633 980 711 salsis
1009 655 1051 713 et
1066 637 1224 741 suppost-

135 755 250 837 titiis,
272 740 640 849 gerrnanaaspuriis
655 753 763 813 recte
775 736 1070 815 discernantur
1077 768 1089 830 ;
1107 746 1226 833 1111111

141 853 398 950 acquiescere
424 847 465 917 in
492 840 734 915 lectionibus
770 840 945 939 vulgatis
978 858 1022 914 et
1051 841 1226 916 versioni·

139 957 231 1040 bus,
250 975 351 1047 quae
366 947 445 1032 hic,
464 960 510 1017 ut
526 945 569 1017 in
586 941 698 1014 nullo
717 941 795 1013 elio
813 944 969 1039 genere
982 940 1225 1044 scriptorum,

96 1098 104 1112 ·
138 1057 275 1132 minus
311 1063 441 1125 certae
470 1061 508 1117 et
531 1043 658 1140 magis
683 1040 848 1115 vitiosae
871 1038 989 1132 sunt;
1037 1049 1080 1136 3)
1113 1044 1227 1117 omnir

139 1171 181 1229 et
196 1151 360 1250 lingula,
379 1144 480 1244 qu'ae
498 1143 647 1218 sincera
664 1157 703 1216 et
717 1142 908 1241 germana
916 1140 1068 1218 suntet
1076 1146 1226 1218 omniuo

94 1280 114 1329 .’
143 1250 269 1330 fidem
287 1249 438 1323 mereri
451 1245 702 1332 iudicantur,
728 1241 806 1317 suis
830 1252 1021 1339 quaeque
1044 1268 1228 1321 annorum

140 1355 271 1439 notis,
302 1365 368 1423 aut
385 1348 503 1422 certis
524 1342 922 1433 autverostmilibus,
953 1342 1228 1445 affignarisuo·

143 1480 221 1553 que
251 1450 351 1525 adeo
376 1451 467 1524 loco
487 1462 526 1521 et
548 1443 691 1519 ordine
709 1444 918 1532 collocari,
944 1444 991 1543 ls)
1010 1472 1178 1537 curare,
1196 1460 1228 1519 ut

141 1554 465 1647 uniuscuiusque
495 1549 669 1621 auctoris
701 1543 834 1619 sensus
867 1562 983 1619 recte
1016 1560 1228 1648 pateat,et

42 1654 47 1663 “
141 1680 330 1753 magnam
367 1654 572 1737 locorum,
613 1663 844 1748 temporum
877 1661 917 1719 et
959 1648 1227 1748 ingeniorum,

130 1755 380 1855 disciplinae
402 1774 584 1849 quoque,
614 1774 692 1846 qua
709 1748 882 1844 quisque
897 1750 1091 1849 Scriptor
1117 1750 1227 1825 imbu-

142 1873 222 1944 tus,
251 1860 483 1950 Sectaeque,
513 1851 578 1925 'cui
596 1849 775 1924 addictus
794 1844 931 1937 suerit,
950 1849 1226 1933 diversitatem.

95 2032 99 2041 ,
141 1958 270 2061 probe
292 1955 495 2029 attendere
514 1969 553 2026 et
569 1950 765 2048 quidquid
782 1947 832 2022 ad
874 1954 1065 2051 ropriam
1083 1951 1226 2055 singulis

142 2057 484 2145 veliterninibus,
510 2053 578 2127 ve'l
595 2052 779 2152 gentibus
804 1978 872 2129 ,111
900 2067 939 2125 et
965 2056 1169 2129 aetatibus
1184 2056 1227 2127 lo·

145 2159 297 2257 quendi
331 2153 664 2231 consuetudinem
695 2169 733 2226 et
765 2150 1007 2227 uuiversum
1038 2150 1227 2256 cogitaud

139 2259 312 2337 modum
327 2256 523 2360 pertinet,
551 2250 840 2355 diligentissime
857 2256 1121 2356 perquirere.

604 2500 639 2588 ᾗ.
695 2492 777 2572 151.

241 2669 496 2744 Liberalitatis
525 2683 659 2740 autem
683 2663 757 2738 est:
786 2663 868 2738 fine
892 2668 1080 2764 partium
1108 2666 1224 2743 studio

127 2789 297 2859 ,veteres
315 2769 512 2843 Ecclesiae
533 2770 756 2867 Scriptores
782 2791 924 2841 omnes
946 2765 1024 2841 fibi
1040 2770 1226 2871 legendos

136 2897 371 2976 proponere
380 2899 391 2961 3
421 2871 528 2944 nulla
545 2870 610 2942 hic
627 2868 762 2942 valere
780 2867 899 2940 debet
910 2874 1107 2971 exceptio
1125 2871 1228 2946 disci·

137 2976 284 3075 plinae,
314 2974 381 3047 cui
398 2972 486 3069 quis
504 2972 680 3069 Scriptor
692 2967 921 3057 adhaeserit,
941 2972 1061 3045 1111111
1081 2974 1227 3073 opinio·

136 3102 258 3163 num,
302 3098 399 3171 quas
430 3069 688 3173 patefecerit,
737 3068 884 3143 etiamst
913 3073 982 3143 vel
1013 3078 1228 3149 maximet

134 3174 271 3250 nostra
288 3191 327 3248 et
342 3174 509 3274 probata
527 3166 712 3271 plurimis
739 3172 895 3245 ratione
915 3170 1054 3247 discre
1089 3202 1175 3263 are,
1198 3186 1227 3245 et

137 3277 307 3351 omnino
340 3302 361 3348 1
392 3299 492 3348 vero
529 3269 744 3347 deflectere
778 3271 1009 3348 videantur.
1056 3202 1225 3351 ffieinde

135 3378 180 3453 in
211 3402 260 3451 eo
292 3375 525 3476 praesertim
549 3372 774 3448 studiorum
797 3373 917 3447 huius
943 3379 1117 3473 generis
1144 3380 1226 3453 libe·

134 3479 269 3555 ralitas
319 3478 518 3564 cernitur,
559 3491 605 3548 ut
647 3501 692 3548 11
733 3472 903 3559 honeste
938 3501 985 3549 ac
1020 3477 1225 3579 sapienter.

128 3577 613 3677 quemadmodumlibera
630 3576 792 3675 ingenia
805 3579 929 3664 decet,
950 3576 1004 3650 ad
1019 3581 1224 3663 utilitatem

135 3695 431 3755 convertamus.
488 3678 637 3753 Sedulo
662 3676 883 3751 carendum
902 3675 980 3765 est,
1009 3706 1064 3753 ne
1091 3678 1223 3757 nostris

133 3780 393 3881 opinionibus
420 3781 541 3854 nimis
567 3773 672 3853 1111111
696 3777 746 3851 ad
762 3782 926 3853 Veteres
945 3779 1151 3879 legendos
1175 3804 1224 3853 ac·

134 3881 345 3971 cedamus,
367 3881 517 3977 ubique
536 3877 718 3954 nostrum
735 3878 905 3968 sensum,
924 3894 1047 3978 atque
1070 3883 1170 3957 adeo
1189 3904 1223 3953 11

134 3983 273 4058 omnia
298 3983 418 4057 unice
435 3997 686 4079 quaerentes,
712 4006 813 4078 quae
840 4006 933 4056 cum
959 3980 1114 4057 nostris
1140 4007 1221 4057 cou-

125 4068 291 4185 'spireut
341 4083 460 4161 Nihil
490 4084 558 4160 hic
593 4080 803 4185 cupiditati
833 4080 1126 4177 tribueudum,
1165 4078 1220 4159 sed
