2542 4724
30 270 35 281 '
113 282 194 363 ne
287 394 293 413 Ι
390 264 974 365 caementata.

115 468 241 549 bota
257 488 389 542 oerum
411 458 473 565 ist.
526 460 673 562 Quavis
690 474 819 531 autem
835 456 1033 533 Thrasone
1057 456 1226 536 insolen-

116 573 198 651 tior
219 576 392 645 Manen.
417 574 659 647 conminus,
688 560 906 660 Ignatianee
926 560 1146 637 sodalitatis
1161 564 1225 637 ad·

120 672 247 747 dictus
276 671 502 767 theologus,
533 667 576 738 in
597 661 704 735 libri=
728 664 811 733 Aut
841 653 1016 759 Papista,
1045 678 1121 734 aut
1149 690 1225 739 non

122 765 351 871 Chastianus
376 774 464 865 Cap.
491 770 566 852 11„
583 765 641 837 his
655 763 778 838 verbis
795 764 838 835 in
852 765 1006 837 laudem
1023 764 1158 839 nescio
1178 790 1224 839 an

120 878 279 950 Petrum
310 871 425 955 Eccl„
457 894 505 941 an
528 865 693 962 Papismi
716 866 901 961 erumpit:
926 868 1067 938 Patres
1098 889 1225 941 omnes

122 999 173 1049 em
196 964 269 1075 affe
280 963 393 1070 fuiffe
410 960 602 1067 Papistas,
625 990 733 1038 nemo
749 968 913 1064 prudens
926 981 1055 1067 neget.
1110 970 1225 1041 Evol-

122 1088 264 1147 u'antur
279 1095 407 1143 eorum
421 1082 676 1154 monumenta,
700 1068 877 1167 legantur
894 1062 1062 1170 scriptu,
1086 1092 1224 1169 expen-

124 1170 422 1256 dantureaba,
435 1164 601 1273 spirant,
620 1164 664 1270 [α’
693 1170 784 1253 iant,
800 1170 902 1241 olent
915 1195 1056 1266 purum
1069 1184 1224 1265 putum·

125 1275 437 1373 quePapismum.
488 1275 596 1345 Nam
607 1194 720 1370 etfipin
735 1260 1032 1369 aliquosubinde
1048 1284 1225 1345 occurrat

126 1376 352 1473 quidquam,
385 1375 486 1472 quod
504 1370 565 1446 vel
583 1376 621 1444 in
644 1384 795 1471 portem
811 1362 1027 1468 sequiorem
1050 1396 1099 1443 ex
1114 1378 1223 1472 piret,

127 1490 256 1549 tamen
267 1502 293 1547 a
309 1488 405 1562 toto,
423 1476 524 1571 quod
538 1479 655 1558 aiunt,
672 1494 808 1571 genere
811 1464 849 1573 fi
858 1473 959 1569 loqui
972 1488 1012 1545 et
1026 1497 1075 1543 ae
1089 1479 1224 1547 firmare

126 1578 294 1662 velimus,
321 1574 442 1648 nihil
465 1580 641 1649 certius
665 1562 744 1665 esi,
777 1598 915 1669 quam
947 1577 1129 1648 Patres
1156 1602 1224 1649 an·

129 1682 291 1774 tiques
314 1702 370 1749 em
395 1682 554 1751 animo
574 1669 722 1776 fuisse
746 1666 976 1772 Papistas.
1031 1678 1143 1751 Huic
1165 1702 1223 1751 vt·

126 1779 388 1875 uiloquentiae
411 1778 507 1855 bene
531 1777 905 1873 conveniunt‚-quae
928 1777 1100 1876 legimus
1126 1778 1222 1877 apud

130 1888 260 1957 Gonu.
295 1884 495 1968 Russun,
530 1882 619 1954 ord.
651 1886 686 1954 S.
711 1879 934 1964 Fransoitci‚
964 1880 1008 1950 in
1034 1878 1152 1953 Orat.
1178 1882 1222 1953 ad

131 1987 228 2079 Cap.
251 1982 362 2054 xtV.
388 1988 460 2081 Ep.
486 1984 539 2055 ad
561 1988 671 2055 Rom.
689 2006 725 2078 p.
743 1978 831 2055 606.
882 1986 981 2080 Ego,
1004 1997 1050 2071 ut
1064 1986 1223 2083 ingenue

125 2085 278 2187 fateor,
312 2084 398 2180 plus
428 2089 493 2156 uni
518 2077 663 2183 summo
691 2078 865 2183 Pontifici
884 2084 1071 2155 crederem
1097 2089 1140 2156 in
1164 2086 1222 2171 his,

129 2208 229 2285 quae
237 2179 337 2286 fidei
353 2176 530 2287 mysteria
546 2200 722 2286 tangunt,
739 2207 853 2276 quam
874 2186 974 2256 mille
989 2188 1055 2254 Au
1114 2178 1222 2279 seinis,

128 2290 392 2386 Hieronymis,
420 2288 621 2385 Gregoriis.
673 2290 784 2361 Plura
807 2288 862 2361 rei
877 2288 991 2357 huius
1005 2210 1229 2393 testgiumonit¹

128 2414 216 2465 non
247 2389 436 2475 addenda,
468 2414 587 2484 quum
614 2389 752 2487 dogma
774 2387 1068 2461 Pontificiorum
1101 2390 1221 2486 ipsum

127 2491 175 2568 fit
198 2509 338 2563 notum
359 2516 403 2564 ao
427 2488 675 2563 manifestum.
727 2492 801 2589 Qui
829 2510 954 2563 tamen
978 2491 1093 2584 plura
1112 2497 1221 2595 cupit,

128 2595 240 2667 adeat
276 2593 359 2665 ille:
391 2600 450 2665 Io'.
486 2598 759 2667 Ganuannura
796 2582 1016 2689 Confeffion.
1050 2597 1221 2671 cathoiit

127 2692 232 2769 Libr.
248 2697 282 2765 1.
300 2697 407 2765 Part.
426 2694 462 2765 2.
481 2699 569 2790 Cap.
588 2695 647 2768 13.
672 2719 709 2790 p.
735 2692 841 2781 196„
865 2699 923 2766 Io.
948 2698 999 2763 H.
1025 2697 1222 2771 Home·

131 2819 282 2869 annum
307 2793 453 2867 Differt.
481 2794 527 2866 de
555 2790 670 2897 abusu
692 2795 861 2880 Petrum,
888 2816 982 2891 quae
1009 2790 1063 2866 est
1087 2800 1131 2871 in
1150 2800 1221 2873 eius

126 2889 278 2996 Differt.
307 2891 634 2995 miscellaneorum:
657 2898 844 2981 Pentade,
878 2894 1013 2993 Tiguri
1048 2898 1221 2975 1654&

129 3000 238 3071 ouius
257 2997 333 3067 iem
343 3016 450 3070 antea
466 2998 701 3071 mentionem
718 2997 877 3071 fecimus
893 3022 936 3069 ac
950 2998 1104 3073 multos
1119 3004 1221 3089 alios,

129 3124 178 3171 ex
208 3123 341 3169 eorum
373 3099 548 3195 inprimis
575 3100 728 3186 ordine,
758 3100 825 3195 qui
851 3098 1025 3174 adversus
1052 3104 1222 3198 pervenit

128 3199 420 3277 Pontificiorum
436 3200 616 3306 dogmata
634 3216 866 3307 pugnarunt.

597 3432 633 3525 §·
661 3426 748 3509 147.

231 3600 370 3701 Quum
399 3593 607 3675 Pontificis
644 3598 821 3674 Romani
860 3594 1023 3674 asseclae
1060 3603 1223 3682 Patron

129 3690 251 3775 effata
282 3724 333 3775 ex
363 3701 534 3775 utilitate
560 3700 758 3775 Ecclefiae
782 3702 990 3775 Romanae
1016 3703 1224 3783 aestimant

127 3797 314 3900 hancque
341 3801 556 3876 utilitatem
585 3801 712 3904 ipsam
744 3801 990 3879 constituunt
1010 3828 1222 3891 peonnam,

128 3897 352 3979 secundum
374 3926 496 3999 quam
517 3908 681 3979 Petrum
704 3904 981 3977 auctoritatem
1005 3902 1222 3987 definiunt

127 4002 281 4079 mirum
302 4028 388 4077 non
420 4000 496 4093 est,
519 4001 756 4081 Pontificios
783 4002 938 4079 diversa
966 4006 1147 4103 quidem
1184 4008 1221 4083 de

128 4104 312 4184 Patribus
344 4102 514 4197 sentire,
548 4131 702 4207 eosque
733 4107 801 4181 vel
838 4106 975 4207 magui
1009 4112 1086 4186 vol
1118 4108 1220 4217 pani
