2542 4724
99 250 177 325 m
252 321 255 325 ,
433 216 701 321 capsur.
754 244 790 335 §-
819 244 881 321 sr.
940 210 944 219 ’

53 516 56 523 ,
105 434 257 533 quando
278 432 324 505 de
341 432 475 503 litteris
490 450 660 505 vetarunt
679 430 966 507 christianorum
984 438 1203 509 Doctorum
1253 510 1256 515 ,

106 536 360 633 disputamus,
388 534 508 631 qualis
528 533 667 609 horum
683 542 836 607 Patrum
855 555 974 609 aetate
990 538 1133 613 floruit.

125 643 130 649 '
214 638 258 725 2)
284 638 398 707 Recta
421 636 564 707 iudicat
584 638 819 709 Laminas
843 642 1108 724 Prasmon,
1133 637 1211 712 five

109 764 223 839 quem
251 735 506 815 sub'nomine
528 740 603 810 hoc
624 739 741 813 latere
773 736 933 824 constat,
968 746 1071 811 Lan.
1100 742 1209 813 Aur.

110 848 411 915 Muutrottlus
440 840 584 922 dicans,
617 838 663 911 da
692 844 927 939 ingeniorum
950 843 1213 915 moderatione

54 946 61 957 '
112 946 150 1014 in
168 944 356 1039 religionis
372 944 543 1039 negatio,
561 938 1040 1038 Libr:*111.0ap.16:p.565.
1076 944 1210 1015 Multa

102 1036 213 1147 furit,
241 1054 344 1143 quae
367 1045 404 1113 ia
429 1040 528 1113 libris
542 1033 743 1141 Augustini
760 1057 1033 1138 ceterorumque
1048 1047 1213 1115 Patrurn

114 1146 258 1240 exquiri
270 1134 427 1313 popum,
452 1146 707 1241 grarrunatica
723 1144 903 1231 videlicet,
930 1144 1127 1230 rhetorica,
1154 1147 1210 1216 di-

115 1249 283 1329 dactica,
332 1248 461 1347 ogica,
495 1234 669 1343 phqfica,
705 1246 880 1331 eruditio,
908 1244 1124 1345 linguarum
1147 1272 1214 1343 pe·

14 1394 19 1407 ·
116 1352 223 1435 ritia,
252 1349 397 1431 critica,
426 1344 690 1443 chronologia,
719 1359 754 1416 et
779 1346 878 1417 aliae
902 1350 941 1417 id
962 1372 1080 1446 genus
1106 1342 1214 1447 disci·

117 1450 243 1547 piiaae
253 1501 263 1535 ,
277 1472 386 1543 quae
409 1471 505 1516 nunc
530 1446 747 1517 excoluntur
762 1472 908 1545 magna
929 1452 1045 1519 animi
1061 1463 1212 1521 conten-

120 1554 239 1635 tione,
273 1544 496 1631 alittiratis
524 1546 741 1619 hominibus.
793 1553 840 1619 Iu
864 1547 920 1621 his
944 1548 1113 1621 omnibus
1136 1574 1215 1621 non

120 1675 321 1749 negamus,
350 1653 462 1719 immo
476 1638 710 1746 fincerrffime
728 1647 917 1748 fatemur,
943 1637 1093 1747 reperiri
1114 1642 1217 1751 poffc

33 1820 36 1825 .
120 1768 156 1823 et
183 1776 309 1823 revera
338 1775 358 1819 a
393 1751 476 1819 endi
502 1751 637 1820 multos
662 1774 942 1845 nonnumquam
963 1756 1125 1857 Patinga
1148 1754 1216 1823 de·

114 1854 266 1952 sactus,¹
285 1866 321 1919 et
354 1880 366 1921 ι
387 1855 500 1921 etiam
523 1851 629 1936 velis,
655 1842 882 1948 postremam
902 1855 1127 1949 quandoque
1144 1857 1214 1925 im·

118 1957 303 2050 peritiam.
357 1956 547 2023 Accurata
567 1955 705 2025 critices
720 1947 878 2056 scientia
897 1958 933 2027 iu
948 1956 1216 2053 plerisqne'cie·

105 2048 314 2154 fidcrntur5
332 2048 503 2155 severam
528 2054 777 2152 eloquentiam
800 2060 837 2127 in
862 2058 1047 2130 nonnullis
1068 2048 1215 2154 frustra

117 2185 284 2256 quaeras.
344 2160 385 2229 St
410 2160 640 2256 ¹Origenem,
676 2162 951 2258 Hieronymum
985 2173 1021 2230 ct
1044 2158 1217 2255 Epipha-

69 2320 74 2329 .
116 2266 219 2333 nium
243 2264 423 2356 excipias,
449 2264 514 2330 vis·
537 2262 652 2331 alium
677 2264 771 2331 inter
788 2255 882 2360 ipsos
900 2258 1051 2331 habebis
1069 2258 1218 2333 hebrai·

119 2390 183 2434 cae
214 2366 364 2463 linguae
393 2388 568 2461 gnarum,
621 2363 851 2433 Declamant
881 2362 1092 2440 interdums
1125 2360 1218 2435 alibi

117 2492 252 2561 parum
285 2478 379 2535 recte
412 2466 702 2547 ratiocinantur,
736 2463 963 2561 apocryphis
990 2462 1218 2561 quandoque

120 2582 274 2637 utuntur
296 2568 443 2657 aliaque
466 2580 640 2657 peccant,
669 2590 764 2660 quae
790 2563 1014 2660 temporibus
1040 2554 1132 2662 fiis,
1170 2590 1219 2635 ac

120 2672 156 2736 ia
174 2682 280 2737 tanto
300 2668 434 2735 Iumina
447 2658 689 2769 scientiarum
710 2680 745 2736 ct
764 2670 901 2737 artium
918 2668 955 2736 in
971 2665 1117 2739 homine
1130 2666 1218 2761 phi·

120 2771 248 2865 lologo
267 2781 334 2835 out
350 2791 423 2836 non
433 2766 563 2857 teras,
592 2780 659 2837 aut
678 2762 810 2867 [altem
831 2793 905 2837 non
921 2768 1060 2839 laudes.
1115 2772 1219 2839 Con·

120 2870 230 2940 sentit
253 2893 336 2938 cuin
354 2874 411 2937 Io.
430 2872 635 2952 CLERICO,
664 2869 729 2963 qui
747 2870 846 2940 inter
867 2868 938 2939 alia
956 2868 1026 2940 hac
1045 2868 1092 2941 de
1105 2894 1147 2939 re
1165 2869 1219 2941 ita

121 2968 270 3051 differis,
287 2959 439 3064 Epistol.
460 2972 569 3039 critic.
579 2973 652 3039 IV.
664 2973 769 3039 Artis
785 2974 896 3043 critic.
916 2975 980 3054 111,
1001 2972 1107 3043 104:
1130 2964 1218 3068 Pos-

110 3068 240 3170 junius
259 3072 414 3141 hrmiara
433 3071 642 3140 doctrinam
661 3074 860 3156 Veterum,
885 3062 915 3167 fi
940 3075 994 3145 ita
1013 3069 1149 3155 libeat3
1176 3088 1218 3143 at

118 3198 188 3266 pro
213 3173 362 3249 modulo
392 3172 487 3245 iltius
511 3176 616 3249 aevi;
645 3196 717 3241 non
746 3172 821 3255 ita,
848 3187 889 3243 nt
911 3173 1072 3241 inultum
1095 3198 1219 3245 recen·

120 3278 255 3345 tiorum
282 3275 478 3345 eruditioni
500 3272 761 3371 praeferatur,
790 3274 1105 3366 quemadmodum
1117 3268 1222 3375 solet

119 3402 144 3445 a
173 3377 294 3445 uiuitis
313 3370 416 3472 sieri.
469 3366 661 3477 Paffumus
693 3372 878 3472 ignolccre
908 3376 1064 3444 delectui
1096 3401 1223 3446 rerum

118 3504 252 3569 parum
264 3471 407 3572 strena,
437 3475 779 3546 ratiocinationibus
798 3472 1069 3574 ruirmsfirnu‘S,
1098 3476 1223 3548 ordini

120 3570 339 3673 corqnfimi,
355 3567 462 3672 stylo
489 3601 562 3647 non
587 3572 674 3674 [atis
695 3566 897 3672 castigata,
925 3602 989 3645 nec
1012 3570 1220 3673 perspicua,

121 3693 162 3747 at
181 3680 272 3747 haec
294 3672 488 3771 praascrra
505 3682 568 3761 iis,
595 3703 689 3773 quac
707 3681 900 3747 contrariis
919 3684 1150 3749 orrmmcntis
1169 3684 1222 3749 in·

80 3864 83 3869 ,
117 3784 241 3875 genii,
280 3780 422 3863 iudicii,
458 3780 686 3871 eloquentiae
717 3780 889 3871 pracch'ta
922 3773 1026 3873 sterit,
1071 3783 1224 3851 minime

114 3872 348 3973 justinianus.

222 3982 262 4059 ΣΙ)
289 3981 384 4053 tta-i
410 3980 449 4049 id
480 3981 638 4050 000ιί00
667 3981 792 4057 dabat.
820 3978 846 4051 fi
870 3982 973 4075 qiuul
999 4010 1134 4053 verum
1164 3982 1225 4065 est,

117 4080 247 4162 sectari
276 4112 317 4173 aa
341 4083 509 4177 profiteri
533 4085 723 4156 volumus.
779 4090 878 4155 luter
897 4102 1037 4158 veteres
1060 4092 1227 4157 iliauo-
