2542 4724
407 242 649 356 'crull
703 263 823 360 017.
1100 266 1174 351 140
1237 252 1246 269 ’

10 422 12 477 ¹
58 463 200 545 uian03
235 465 365 532 Brem.
387 454 499 532 1690.
526 457 732 533 subiunctis
752 463 801 533 H.
820 463 1064 545 Donarem
1082 461 1170 564 Dis·

57 558 328 659 [mationibus
358 559 614 660 Cyprianicis,
659 588 755 658 quae
778 567 901 636 Oxou.
922 548 1093 640 tell-8.
1127 565 1168 637 in

61 666 185 737 lucem
201 663 393 749 exierant,
420 680 459 733 et
475 658 625 734 Amst'el.
648 666 756 735 1700.
783 663 853 737 fol.
872 663 907 757 ¹⁸)

154 794 222 861 10.
250 793 295 860 E.
320 794 481 873 Garun,
513 791 843 889 Regiomontanus
867 788 1064 877 Borullus,
1100 796 1166 888 qui

65 918 145 965 cum
177 889 339 962 caeteris
365 891 410 960 de
433 890 577 986 scriptis
596 896 750 962 Patrum
777 893 863 964 eccl.
889 892 1164 968 benemeritus

64 990 132 1079 ell,·
149 982 229 1063 ne'c
254 990 487 1073 mediocrem
507 993 676 1063 nominis
701 990 843 1083 famam
866 990 934 1065 fibi
958 992 1161 1090 ecquillvit.

64 1100 102 1165 ln
114 1095 249 1165 lucem
267 1086 409 1164 emilit:
434 1094 675 1191 Spicilegium
684 1097 752 1163 38.
766 1096 938 1181 Petrum,
955 1110 997 1166 ut
1006 1100 1161 1185 etl-Ice-

63 1198 282 1281 micorum,
306 1197 384 1264 Sec.
400 1220 438 1289 p.
458 1193 542 1266 Clu.
562 1221 595 1263 n.
612 1200 645 1279 Ι,
662 1200 709 1264 ΙΙ
722 1208 759 1264 et
773 1200 858 1280 ΙΙΙ,
889 1221 1046 1291 quorum
1063 1197 1086 1266 l.
1106 1200 1160 1267 in·-
1189 1226 1194 1233 ·

63 1312 164 1395 tegra
180 1308 453 1380 monumenta,
481 1296 503 1365 l.
522 1300 754 1393 Fragmenta
766 1299 913 1393 partim
934 1322 981 1368 ex
998 1300 1160 1369 aliorum

64 1400 216 1469 Petrum
243 1394 368 1481 libris,
403 1400 480 1466 inm
507 1390 704 1497 impreffis,
744 1398 895 1495 collegit
919 1412 956 1468 et
980 1422 1010 1469 e.
1038 1398 1156 1471 codd.

63 1494 183 1599 msptis
200 1498 390 1575 commin
412 1502 554 1592 partim
573 1523 618 1569 eae
634 1492 772 1596 Mspti's
790 1524 886 1569 nunc
900 1502 1064 1594 primum
1081 1501 1158 1570 ecli-

62 1600 109 1669 dit
127 1590 346 1699 nefingula
366 1612 448 1669 tam
462 1598 719 1695 praefatione,
754 1626 869 1697 qrtam
892 1603 989 1673 notis
1000 1594 1157 1699 subiun-

64 1706 122 1773 ctis
136 1692 344 1799 illustravit
359 1705 417 1772 Io.
434 1704 479 1773 E.
500 1693 694 1788 (luamus,-
712 1728 766 1801 gr.
786 1720 823 1773 et
838 1703 902 1773 lat.
922 1706 1045 1773 Oxon.
1057 1700 1157 1775 1698

62 1802 105 1899 lq.
127 1808 177 1873 11.
202 1806 244 1876 8.
281 1801 383 1872 Edit.
400 1802 436 1874 2.
465 1805 611 1875 auctior
629 1824 665 1875 et
681 1804 880 1887 emendat„
903 1807 1026 1874 Oxou.
1045 1800 1154 1899 illle.

63 1908 100 1975 ll.
120 1903 158 1975 8.
197 1902 351 1975 ibidem
378 1928 424 1976 ex
449 1906 580 1975 theatr.
607 1905 784 1979 Sheldon.
854 1905 1018 2002 Singulis
1044 1910 1157 2002 Frag-

61 2004 190 2077 mentis
208 2024 329 2101 atque
344 2004 541 2101 Opnsculis
561 2005 813 2101 praefationes
835 2005 1024 2102 praernifit
1043 2022 1155 2101 atque
1182 2042 1185 2047 ·

62 2104 103 2177 rel
120 2106 247 2181 finem
279 2108 477 2203 utriusque
504 2108 711 2180 voluminis
737 2126 849 2180 notas
875 2107 1009 2179 adiecit
1032 2107 1157 2201 iisque

62 2208 135 2281 loca
152 2208 352 2281 nonnulla
366 2206 574 2281 illustravit.
620 2214 680 2280 De
704 2207 779 2280 fide
801 2225 913 2305 atque
930 2210 1153 2298 auctoritato

59 2326 402 2381 monumentorum
426 2310 698 2405 quorumdam,
740 2334 835 2405 quae
860 2308 1028 2393 exhibet,
1070 2333 1153 2379 non

61 2410 174 2483 ubivis
199 2429 377 2483 accurate
399 2412 565 2482 iudicare
588 2411 758 2495 videtur,
791 2436 911 2506 quum
928 2408 1071 2503 scriptis
1089 2408 1152 2479 ad·

58 2512 227 2585 ulterinis
251 2513 533 2584 annumeranda
551 2511 646 2597 fint‚·
680 2536 775 2608 quae
798 2510 957 2584 Grabius
980 2509 1048 2582 elle
1073 2534 1153 2609 ger·

58 2638 181 2700 mana,
211 2611 283 2684 fibi
307 2611 511 2708 persuadet.
525 2612 585 2701 ee)
639 2619 735 2684 Cum
753 2613 828 2684 hoc
845 2612 1043 2711 Spicilegio
1061 2636 1152 2683 con·-

56 2712 269 2815 long-dne
284 2712 391 2790 lunt:
425 2716 615 2808 Reliquiae
635 2707 764 2810 [acrae
778 2709 813 2815 s.
835 2718 1045 2786 Auctonua
1067 2712 1152 2809 fere

57 2817 130 2885 iam
143 2816 382 2911 perditorum
398 2820 542 2893 Seell
553 2830 591 2885 et
606 2821 675 2885 ΙΙΙ
687 2820 895 2914 Fragmm„
917 2840 1012 2910 quae
1025 2804 1150 2912 snper-

51 2908 195 3013 [unt-
205 2918 257 2987 od
267 2917 386 2987 codd.
397 2910 673 3016 mjptosreceus.
687 2921 854 3010 notisque
863 2906 989 3012 illustr.
1006 2921 1150 2986 Mtnr'.

56 3022 133 3091 los.
156 3022 338 3101 Boura,
373 3023 497 3091 Oxon.
518 3017 744 3091 1814-18.
768 3024 829 3089 IV.
857 3018 893 3089 8.
937 3042 1024 3087 cum
1048 3021 1149 3087 Rou-

57 3119 156 3191 thius
176 3116 489 3191 orthodoxorum
505 3123 818 3191 tantuanatrum
833 3125 1054 3214 Fragmenta
1073 3120 1152 3187 col·

57 3220 196 3318 legerit.
236 3218 474 3309 Accefferunt
489 3220 578 3290 huic
595 3218 821 3292 collectioni
836 3214 1021 3313 Epistolae
1040 3218 1152 3308 syno-

61 3318 157 3394 diue
190 3338 234 3393 et
262 3322 469 3395 canonicae
499 3321 666 3395 Nicaeno
701 3319 874 3394 Concilio
903 3318 1147 3414 antiquiores.

88 3618 119 3687 ·)
134 3618 266 3675 ῦιιιιοι
288 3614 427 3676 Biblioth.
444 3616 577 3690 univers.
594 3617 668 3684 ΧΠ,
692 3625 753 3679 207.
794 3615 871 3673 Actu
885 3613 1008 3685 Erudit.
1032 3630 1058 3671 ι.
1075 3619 1151 3673 1683.

163 3692 210 3745 41.
244 3686 453 3745 Brntrtnor
471 3688 634 3744 Nouvellet
654 3689 691 3741 cle
714 3690 743 3743 la
759 3686 874 3758 re'publ.
891 3686 941 3739 des
961 3685 1060 3739 lettres
1074 3690 1152 3742 1700.

135 3774 188 3810 an.
206 3774 239 3831 p.
255 3764 315 3815 102
347 3757 561 3814 Scuomrmrr
576 3758 606 3819 l,
629 3748 690 3817 128.

107 3864 892 4006 'tetzfi'af‘an{radenzaatla.
909 3862 1152 4007 llll‘llllli

122 4002 280 4059 Brutum
305 4000 468 4057 Nouveller
492 4005 528 4056 cle
552 4003 581 4056 ln
604 4003 717 4067 ru'publ.
741 4005 791 4057 cles
814 4003 913 4057 lettres
935 4020 960 4054 a.
976 4006 1051 4057 1699.
1075 3999 1153 4053 Μαι.

121 4088 151 4147 p.
166 4078 226 4131 555.
263 4070 402 4126 Nrocoru
418 4071 564 4135 (Kfirteri)
581 4082 609 4124 et
625 4073 701 4127 Sum
717 4070 855 4127 Bibliotlr.
865 4070 970 4127 libror.
988 4066 1153 4131 nou-arnt,

125 4144 182 4199 nc
215 4143 327 4198 lmen
346 4139 448 4195 Trou.
466 4141 502 4195 de
522 4142 659 4200 biblioth.
679 4138 809 4197 l'ot'rum
825 4158 854 4214 p.
870 4142 929 4197 098.
