2542 4724
94 200 186 341 592·
443 258 480 343 C
506 286 533 339 a
552 266 596 341 a.
631 272 679 340 X.
733 270 768 363 §.
796 268 882 345 10³.

106 452 339 553 argumentis
364 475 480 524 ranas
503 475 796 547 nonnumquam
822 450 928 529 affert
958 458 1195 541 subtilitate.

102 564 184 631 Nec
202 552 437 627 diffitendum
454 548 523 637 est,
549 554 660 625 illum
682 555 933 628 ratiocinandi
957 561 1056 658 leges
1080 565 1197 641 inter·

105 659 198 730 dum
221 652 418 755 neglexisse
442 678 485 725 ao
508 654 630 725 nimio
657 657 939 729 contradicendi
953 656 1081 737 studio
1103 667 1196 741 inei·

103 777 228 830 tatum
261 759 414 828 alteram
442 756 715 828 extremitatem
748 757 972 845 devitando,
1004 764 1051 837 ab
1083 769 1197 843 altem

103 861 232 933 minue
256 852 322 929 srbi
343 853 473 928 cavisse
495 873 608 951 atque
630 882 649 926 a
675 875 774 930 recta
789 859 965 933 aberrasse
980 864 1055 938 via.
1109 871 1195 945 Sina

58 964 61 969 ’
104 961 220 1033 dubio
240 964 413 1037 Irenaeus
436 982 564 1054 graece
586 956 792 1053 scripserat,
818 986 900 1032 non
924 962 1041 1037 latine
1049 990 1062 1054 ς
1090 995 1195 1069 grae·

103 1063 155 1135 eis
173 1078 299 1133 autem
316 1081 495 1142 caremus,
519 1075 663 1153 praeter
680 1083 734 1143 ea,
757 1086 853 1155 quae
868 1086 890 1134 a
905 1069 1107 1143 nonnullis
1123 1070 1195 1146 ser·

101 1181 188 1237 vata
204 1180 316 1256 atque
331 1160 374 1230 in
389 1160 514 1230 lucem
530 1160 677 1253 prolata
693 1159 791 1233 sunt.
1184 1156 1190 1171 '

202 1284 442 1362 OmuzNES,
482 1277 543 1347 cui
572 1276 809 1366 adscribitur,
843 1280 906 1354 sed
934 1280 1030 1359 falso
1055 1289 1191 1365 Lib.1.

98 1388 158 1458 arii
190 1384 274 1455 κατὰ
305 1384 415 1451 πασῶν
446 1381 585 1471 αἱρέσεων,
619 1381 777 1469 ἐλέγχου,
823 1406 935 1477 quem
967 1386 1036 1459 sub
1074 1392 1189 1465 titulo

99 1485 321 1585 Frugrnenti
336 1472 698 1579 Philosophumenrirr¹
720 1482 841 1553 eCod.
859 1487 1025 1557 Florent.
1044 1492 1189 1584 primur

5 1636 8 1641 -
99 1586 235 1670 edidit,
261 1579 544 1674 verfionemque
562 1597 599 1651 et
615 1599 740 1667 notas,
768 1585 904 1677 quibus
921 1589 984 1657 Ori
1014 1591 1078 1661 eni
1093 1592 1190 1666 illud

97 1686 285 1767 vindicat,
324 1681 470 1752 addidit
493 1686 575 1750 nc.
609 1687 871 1758 Gnouovrus
905 1613 1086 1790 Theffirun'
1109 1696 1189 1767 Aa·

97 1791 234 1883 tiquitt.
251 1808 378 1884 graec.
404 1782 519 1853 Tom.
539 1787 584 1854 X.
609 1808 646 1879 p.
665 1782 752 1859 251.
770 1784 809 1877 ¹¹¹)

196 1899 594 1985 Aruaunsrus,.sub
615 1901 721 1974 cuius
737 1903 896 1977 nomine
917 1902 1033 1979 exstat
1053 1912 1186 1987 Oratio

94 2007 181 2079 κατὰ
209 2011 319 2077 πασῶν
342 2005 504 2097 aip'mruv,
539 2015 670 2073 contra
695 2027 821 2075 ornnes
849 2001 1012 2107 haereses
1019 2035 1038 2089 ,·
1073 2038 1186 2109 quam

93 2104 221 2181 t'amen
238 2106 279 2177 in
297 2103 482 2205 germanis
499 2098 690 2175 Athanasii
708 2109 968 2180 monumentis
983 2134 1185 2187 numeran-

95 2206 294 2293 (lamehe,
328 2206 478 2279 Eruditi
499 2223 651 2302 negant.
711 2196 823 2301 Sique
847 2226 885 2279 et
907 2210 974 2281 illa
998 2211 1046 2283 ab
1069 2216 1184 2288 Athr-

91 2308 197 2384 nasio
215 2334 301 2382 vere
319 2307 452 2402 scripta
470 2303 576 2392 esset,
611 2305 738 2379 minua
763 2324 890 2381 tamen
908 2314 1117 2390 commode
1137 2316 1184 2389 ad

90 2414 222 2486 locum
238 2412 340 2481 hunc
354 2406 483 2479 referri
498 2402 630 2502 potest.

192 2534 485 2610 Errrnaurus,
512 2550 625 2619 quem
641 2525 748 2621 supra
767 2527 920 2623 quidem
940 2530 1019 2605 iam
1037 2559 1182 2610 memo·

90 2631 256 2704 ravimus
266 2630 364 2699 inter
380 2622 574 2698 historicos
585 2626 789 2721 Scriptores
811 2630 1094 2717 deHaereticiar
1119 2638 1183 2711 illo

88 2750 215 2804 tamen
232 2749 269 2802 et
285 2731 414 2799 locum
428 2726 529 2799 hunc
546 2729 642 2799 tueri
658 2726 788 2823 potest.
842 2733 998 2804 Praebet
1020 2737 1124 2811 enim
1146 2738 1181 2811 sa

90 2858 177 2907 cum
201 2828 438 2915 historicum,
465 2846 547 2900 tum
576 2827 858 2920 disputatorem.
912 2837 1016 2929 Opus
1042 2837 1178 2935 ipsum,

87 2933 193 3031 quod
220 2933 265 3001 ab
290 2957 333 3003 eo
358 2930 587 3025 acoepimus,
620 2953 762 3001 nomen
786 2932 897 3003 habet
916 2936 1096 3033 Πανᾶριον,
1121 2940 1179 3013 vel

84 3035 246 3113 Κιβὼτιον
264 3035 368 3103 Arca
394 3031 418 3102 s.
439 3025 599 3129 capsula
626 3032 790 3118 medica,
818 3058 936 3128 quum
957 3037 997 3108 in
1030 3066 1076 3112 eo
1101 3066 1179 3115 non

85 3136 211 3208 solum
236 3134 522 3205 Haereticorum
551 3132 751 3205 sententias
785 3133 940 3223 referat,
977 3138 1178 3215 sedetiam

86 3255 218 3310 contra
235 3250 442 3307 venenatos
464 3234 671 3305 eorundem
696 3234 843 3308 morsus
870 3236 1177 3315 saluberrimum·

84 3339 207 3410 media
218 3338 403 3420 exhibeat,
424 3334 746 3429 quemadmodum
754 3336 830 3431 ipse
843 3337 1102 3437 inscriptionis
1111 3340 1176 3415 hu·

81 3440 142 3513 ius
161 3440 348 3510 rationem
365 3437 524 3532 explicat
543 3436 868 3531 Arracepsmlaeos.
880 3446 993 3511 Tom.
1013 3448 1061 3513 11.
1081 3448 1173 3539 Opp.

82 3567 121 3638 p,
141 3540 223 3615 126.
276 3545 368 3610 Eam
389 3539 438 3609 ob
458 3563 536 3608 rem
556 3538 597 3608 in
613 3538 865 3633 scriptoribus
880 3542 1080 3635 polemicis
1098 3544 1174 3616 iura

80 3659 311 3714 numeratur.
364 3639 559 3710 Dividitur
588 3663 684 3733 opus
708 3638 843 3711 hocin
868 3658 943 3713 tres
967 3648 1115 3729 Partes,
1147 3642 1170 3715 s.

80 3744 231 3826 Libros,
260 3754 297 3813 et
313 3742 483 3813 continet
498 3746 640 3811 LXXX
656 3741 841 3828 haereses,
895 3768 939 3814 ro
954 3742 1071 3839 ipsius
1090 3746 1172 3841 Epi·

79 3844 212 3941 phanii
235 3844 391 3915 calculo·
443 3842 616 3915 Multum
638 3842 809 3917 utilitatis
827 3767 958 3933 afliirt,
985 3845 1027 3921 iu
1044 3846 1169 3943 primia

81 4014 314 4028 -—-—

113 4104 142 4168 ⁸)
161 4098 318 4156 Panaretus
335 4096 412 4153 Bibt.
428 4114 477 4169 gr.
495 4096 560 4164 Vll,
578 4101 639 4155 227.
