2542 4724
767 36 800 87 Γ
1089 38 1112 97 t

412 299 573 382 oia·
600 302 667 380 m
719 306 753 400 o.
779 274 843 384 tu.
1102 304 1179 387 sao

84 488 225 567 dinem
256 484 501 579 secundum,
547 487 871 566 testimoniorum
903 488 1176 589 singularium.

82 596 267 669 Fuerunt
293 591 399 663 inter
421 594 580 681 Patres,
616 591 687 688 qui
708 616 805 693 prae
832 592 918 666 aliis
944 591 1110 666 illustria
1134 618 1180 667 ec

81 691 363 769 memorabilia
385 688 628 765 documenta
653 689 704 764 de
727 688 825 766 fidei
848 692 1081 769 christiane
1096 693 1182 795 pla·
1221 752 1225 759 .

84 793 175 868 citis
196 816 241 865 ac
258 790 512 889 dogmatibus
531 792 817 889 relinquerent.
873 799 965 898 Quo
982 794 1182 869 maiorem
1231 838 1235 847 ·

81 891 418 969 existimationem
445 888 508 963 isti
535 889 607 965 fibi
632 910 935 992 compararunt,
979 918 1029 967 eo
1053 894 1181 968 maio·

81 1018 174 1071 rem
204 992 480 1067 auctoritatem
505 990 691 1089 dogmata
723 1009 840 1091 atque
871 990 988 1068 effata
1014 995 1182 1069 illorum

81 1116 182 1195 prae
204 1090 244 1167 se
266 1092 426 1167 habent.
486 1094 649 1166 Eminet
672 1094 778 1168 inter
805 1089 968 1183 omnei‚
1004 1118 1182 1192 quorum

82 1192 313 1271 testimonia
329 1191 543 1292 diligenter
562 1194 728 1268 collecta
750 1219 793 1267 ac
814 1192 976 1269 defensa
991 1192 1083 1269 lunt
1097 1200 1182 1268 Au·

83 1288 265 1397 gustinus.
325 1295 603 1394 Comprobant
633 1293 713 1370 hoc
744 1296 856 1369 varia
881 1294 1094 1394 singularia
1128 1292 1181 1369 de

87 1420 141 1469 eo
167 1394 331 1496 scripta,
358 1397 471 1469 cuius
499 1395 658 1492 generis
687 1411 727 1469 et
752 1396 827 1469 alia
852 1394 902 1469 de
923 1395 1091 1491 reliquis
1111 1400 1204 1469 Pa-.

84 1494 239 1585 tribus,
265 1497 444 1570 veritatis
463 1496 649 1589 testibus,
674 1494 928 1599 prodierunt,
953 1520 1064 1571 nune
1083 1520 1184 1573 enu-

81 1595 288 1677 meranda.
340 1596 521 1672 Exstant:

189 1754 236 1829 de
249 1760 433 1829 HERMA:
461 1761 582 1831 Orno
599 1762 655 1829 Μ.
672 1764 872 1831 Toneent
888 1749 984 1859 Diff.
1001 1749 1080 1856 hist.
1091 1758 1182 1830 Pla-

85 1860 165 1931 cita
188 1860 374 1952 quaedam
397 1862 580 1945 Hennae,
617 1863 721 1946 Viri,
757 1875 799 1931 ut
823 1858 997 1946 liabetur,
1031 1851 1214 1956 aposto-¹

85 1960 166 2044 lici,
192 1957 373 2031 exhibent.
397 1960 523 2031 Lond.
544 1961 658 2032 Goth.
678 1960 785 2036 1825.
799 1961 836 2032 4.
856 1962 1104 2057 'conspectum
1121 1986 1179 2031 ar·

82 2059 261 2161 grumenti
281 2056 439 2132 Pastoris
471 2060 623 2133 brevem
653 2078 690 2132 et
716 2086 889 2133 mancam
919 2080 956 2135 et
987 2060 1063 2133 fine
1097 2058 1179 2133 crifi

82 2155 221 2233 tistem.
252 2163 477 2260 .Theologia
502 2168 688 2233 Hennae
713 2163 871 2235 habetur
893 2187 950 2259 ap.
969 2168 1180 2237 Itaromm

82 2262 128 2335 in
144 2262 276 2335 Select.
294 2267 346 2333 Η.
364 2267 409 2333 Ε.
429 2266 507 2334 Sec.
529 2269 561 2335 l.
590 2264 710 2361 Capp.
726 2290 763 2363 p.
784 2261 867 2339 155.

189 2414 234 2487 (le
250 2420 489 2491 cumeurn
507 2424 638 2492 Rom„-
654 2424 697 2491 E.
708 2424 800 2490 Sar..
814 2421 1021 2487 cremam
1032 2413 1181 2488 Dill'ert.¹

85 2513 135 2587 de
160 2516 355 2592 Clementis
383 2522 511 2606 Rom„
553 2524 717 2619 Ignatii,
757 2518 961 2617 Polycarpi
990 2533 1027 2589 et
1050 2508 1181 2613 Iustini

83 2618 207 2689 Mart.
234 2619 402 2693 doctrina
431 2624 666 2720 evangelica,
695 2620 786 2691 Cob.
808 2620 916 2691 1701.
939 2618 980 2690 in
999 2620 1183 2691 Eiusdem

82 2710 254 2819 Differtt.
279 2724 375 2793 varii
402 2726 615 2821 argumenti
638 2746 676 2817 p.
695 2720 756 2793 22.
808 2725 893 2791 Iac.
912 2724 960 2791 H.
978 2726 1181 2790 Bizana-

87 2838 215 2891 stnts
249 2822 398 2895 Demou
417 2828 530 2896 trotio
564 2825 732 2895 ueritatis
748 2892 753 2901 ,
769 2834 807 2893 et
842 2821 989 2892 divinite
1024 2822 1182 2919 originis
1262 2864 1268 2875 ·

87 2918 266 2994 librorum
293 2928 343 2995 N.
375 2930 418 2996 T.
446 2950 496 2997 ex
521 2925 715 2997 Clementis
745 2926 853 2993 Rom.
886 2908 1099 3013 testimoniis
1132 2920 1181 2991 de

86 3012 277 3117 Apostolis
292 3026 324 3095 l.
344 3026 447 3111 Cim,
476 3028 616 3123 Gryph.
637 3021 746 3099 1724.
764 3022 889 3093 addita
907 3021 1010 3094 illiue
1026 3024 1182 3093 Doctri-

87 3148 160 3195 nae
177 3126 381 3227 Polycarpi
407 3128 451 3198 rie
467 3129 674 3223 praecipuis
699 3117 917 3221 christianae
926 3119 1026 3221 fidei
1047 3125 1182 3218 capiti-

88 3221 172 3309 bus,
209 3224 335 3324 postea
362 3227 550 3325 figillatim
575 3224 826 3299 recensendae.
891 3230 991 3295 Cnn.
1020 3228 1182 3295 Euenit.

86 3330 351 3401 Wmsmnnm
371 3327 517 3400 Dillert.
538 3329 583 3399 de
600 3330 795 3399 Clerneutis
812 3330 919 3396 Rom.
938 3324 984 3395 de
1007 3314 1182 3424 iustfica-

87 3430 187 3499 tione
208 3456 277 3525 per
294 3426 419 3528 ficiem
444 3429 581 3524 absque
608 3426 777 3524 operibus
798 3422 1015 3529 sanctitatis
1047 3418 1182 3525 iufigui

77 3520 285 3628 sententia,
330 3550 460 3603 contra
494 3532 650 3601 Bullum
690 3546 728 3601 et
766 3529 969 3611 Clericum,
1011 3526 1181 3623 Tubing.

87 3630 199 3703 1732.
223 3628 261 3703 ll.
316 3640 375 3704 10.
398 3638 550 3703 Fauno.
571 3638 740 3702 Bonum
768 3622 916 3730 Differt.
946 3618 1025 3721 hist.
1053 3626 1180 3711 theol,

86 3754 163 3825 qua
180 3736 368 3819 evincitur,
401 3734 624 3803 Clementem
638 3735 747 3802 Rom.
767 3744 879 3826 atque
892 3735 1089 3801 Irenaeum
1102 3750 1180 3798 non

82 3830 217 3928 fuvere
237 3827 371 3935 Miffite
384 3830 610 3933 poutficiae,
628 3832 669 3902 in
685 3833 777 3904 Eius
796 3834 998 3929 Syntagm.
1012 3820 1180 3929 Differtt.

86 3930 252 4033 theolog.
276 3960 314 4031 p.
338 3940 370 4007 1.
423 3940 830 4007 Iac.W.Fnuzn1.1n
854 3923 1183 4028 Plriiosopluuuata

82 4036 566 4135 potioreIlecoguitionum
582 4034 760 4107 Clementi
776 4037 884 4103 Rom.
898 4022 999 4131 falso
1021 4028 1181 4101 attribu·

85 4148 232 4209 tamnu·
275 4134 416 4213 Altotf.
438 4136 547 4211 1723.
571 4134 608 4214 4.
661 4130 1184 4230 Gonu-Eeunrufp.1.8.
