2542 4724
406 275 441 350 C
468 298 494 347 a
520 299 556 349 e.
591 276 640 350 11.
691 278 727 368 §.
756 276 818 351 12
1079 281 1154 354 107

63 463 170 545 iliae,
213 463 409 546 Galliae,
444 457 662 535 Germaniae
683 457 903 559 perquiiivit
929 488 974 535 ac
996 465 1153 553 curavit,

76 558 143 633 ista
166 562 226 633 ad
252 562 563 635 Amerbachium
581 562 881 637 transferrentur.
933 570 1037 663 Quae
1054 564 1154 663 post·

63 689 134 733 rem
156 683 409 759 acceperat,
436 665 483 734 ad
497 661 560 735 ista
578 666 788 763 evulganda
804 665 840 736 se
857 667 1035 738 contulit.
1076 672 1154 740 Au·

63 760 165 837 iffini
182 764 341 861 Opera
359 764 454 839 iuris
469 765 611 860 publici
624 763 724 849 fecit,
748 763 854 836 Baiil.
873 764 983 841 1506.
1000 772 1064 839 XI.
1081 767 1153 843 fol.
1217 826 1221 839 .

63 890 118 937 rae
137 886 294 939 autem
313 865 397 937 iarn
413 884 520 938 antea
537 867 632 938 circa
649 891 681 937 a.
702 863 933 942 14891494.
950 866 1060 945 1495.
1075 870 1155 942 edi·

63 986 154 1051 erat,
182 992 235 1039 ea
253 990 379 1037 nunc
396 964 532 1039 omisit.

131 1097 312 1167 Onosn
333 1092 461 1177 Libri,
497 1092 563 1186 qui
588 1110 674 1163 ante
693 1092 809 1167 finem
831 1099 909 1165 Sec.
924 1097 994 1167 XV
1016 1095 1156 1172 iterum

63 1219 265 1291 eruntque
294 1193 476 1289 descripti
499 1192 595 1264 sunt.
653 1195 882 1265 Prodierunt
911 1195 1064 1291 quidem
1094 1198 1155 1270 illi

63 1320 110 1367 ne
123 1296 352 1367 mentione
369 1295 467 1380 loci,
500 1293 732 1393 typographi
748 1313 862 1392 atque
883 1296 995 1383 anni,
1023 1318 1155 1374 ornate

63 1414 152 1493 tque
177 1398 411 1495 eleganter,
447 1396 638 1471 vicentiae
671 1413 799 1470 tamen
824 1396 1032 1471 editionem
1056 1398 1154 1474 henc
1254 1451 1256 1455 -

63 1496 369 1593 nconspectnm
385 1496 579 1593 publicum
593 1496 741 1580 venisse,
757 1498 1046 1573 interEru‘ditos
1063 1525 1154 1573 con·

63 1596 121 1671 iat.
177 1596 367 1671 Praefuit
395 1599 452 1668 illi
482 1597 723 1696 corrigendae
754 1618 869 1695 atque
898 1602 1156 1676 emendandae

63 1704 193 1773 turcas
208 1700 368 1793 Vulpes
375 1725 388 1782 3
419 1703 546 1771 Herm.
569 1699 757 1796 Levilapis
777 1701 1011 1775 Colonienfis
1027 1721 1155 1776 autem

63 1800 170 1873 ibrot
186 1800 305 1897 ipsos
323 1800 364 1869 in
383 1800 508 1871 lucem
525 1802 697 1896 protulit.
748 1806 854 1874 Haec
876 1802 1036 1875 habetur
1059 1804 1156 1893 anti·

63 1898 225 1997 {uiffimn
243 1900 382 1973 editio.
419 1906 582 1996 Sequutn
598 1898 647 1973 est
663 1902 735 1974 alia
749 1899 938 2002 Augustae
957 1904 1067 1980 1471.
1084 1904 1154 1979 fol.

63 2026 118 2099 tp.
136 2008 196 2075 10.
218 1997 454 2087 Schnssleri,
488 2002 623 2098 deque
639 2002 850 2090 affirmant,
884 2029 967 2077 cent
990 2007 1155 2099 reliquas
1236 2052 1244 2063 -

63 2122 200 2177 rma
226 2102 421 2177 editiones
445 2127 577 2176 omnes
602 2102 820 2199 praestantia
843 2105 907 2178 sua
927 2108 1154 2183 antecedere.

63 2200 141 2279 M
152 2206 271 2277 illam
285 2203 330 2275 in
346 2204 470 2275 lucem
485 2205 630 2300 prodiit
643 2206 760 2277 editio
776 2207 886 2281 tertia
901 2214 1031 2279 Venet.
1047 2196 1156 2283 1483.

63 2302 129 2379 iot
153 2306 294 2379 sumtu
312 2305 506 2377 Octaviani
523 2305 626 2379 Scoti
642 2304 930 2390 Modoefienlis,
965 2333 1010 2381 ac
1025 2330 1157 2405 quarte

63 2403 194 2481 itidem
215 2412 353 2479 venet.
373 2404 481 2480 1500.
503 2406 541 2480 4.
565 2432 626 2502 op.
644 2407 825 2483 Bernardi
840 2408 973 2481 Veneti
996 2409 1042 2482 de
1056 2412 1159 2483 Vita·

63 2508 174 2685 ἓν,
188 2524 245 2683 ⁴et
251 2532 360 2657 ²:piae
374 2508 486 2581 etiam
501 2509 577 2581 huc
591 2506 722 2591 referri
735 2504 870 2611 potest,
896 2509 1029 2610 quinta
1042 2512 1156 2587 Paris.

160 2740 369 2815 cisaram
385 2739 532 2832 Opera:
559 2736 605 2809 de
619 2728 792 2835 institutis
803 2734 1096 2811 caenobiorum
1113 2738 1161 2813 de

63 2838 248 2937 Origine,
282 2828 412 2933 cnuffis
438 2852 474 2909 et
496 2839 663 2911 remediis
686 2842 863 2911 vitiorum
878 2852 915 2910 et
932 2840 1160 2912 collationes

63 2938 245 3024 Petrina,
263 2962 360 3033 quac
375 2939 546 3034 publicae
560 2940 637 3012 luci
650 2936 817 3037 e'xpofitt
833 2936 1156 3019 suntBastl.1485.

63 3036 133 3113 fol.
157 3036 244 3113 fine
259 3038 455 3114 mentione
474 3040 716 3147 typographi·
1001 3086 1004 3091 ·
1193 3062 1198 3079 '

163 3170 336 3239 nnuma
356 3170 497 3267 Magni
516 3171 722 3253 Sermones,
748 3170 864 3240 Rom.
883 3164 997 3241 1470.
1023 3164 1094 3240 fol.
1120 3192 1157 3263 p.

63 3270 179 3343 conr.
210 3266 448 3365 Sweynheim
472 3288 510 3342 et
531 3270 623 3340 Ant.
648 3272 862 3356 Pannertz,
905 3292 1002 3365 quos
1025 3269 1162 3340 eodem

63 3388 135 3443 m
148 3368 327 3467 sequenti
343 3394 443 3441 anno
459 3370 621 3456 ibidem,
661 3370 723 3442 sed
744 3368 912 3443 finaloci
935 3386 1047 3466 atque
1073 3369 1163 3441 anni

63 3470 270 3547 untione
284 3468 511 3545 recuderunt
529 3471 676 3547 Uiritus
692 3474 806 3558 Han,
830 3470 962 3568 paullo
984 3466 1068 3566 post
1086 3475 1129 3540 V
1126 3494 1164 3541 e·

63 3570 403 3673 aetitypogm'pln'
418 3597 450 3645 a.
473 3570 590 3660 1482,
623 3568 722 3648 1485
745 3590 783 3645 et
802 3570 912 3647 1505.
936 3574 1164 3644 et10.Par·

65 3696 134 3749 tus
157 3670 399 3757 rar.1515.‚
432 3672 591 3768 aliique,
626 3674 692 3771 qui
712 3675 849 3761 latere,
885 3696 1000 3771 quam
1020 3696 1165 3747 nomen

68 3772 272 3869 profitere,
300 3775 526 3847 maluerunt.

103 3996 133 4057 Ἴ
148 3992 197 4047 Da
224 3992 410 4049 editionibus
435 3993 481 4049 his
507 3992 619 4050 titteris
643 3997 868 4053 Hirsutum
891 3992 994 4065 Prets.
1010 3993 1049 4048 ad
1069 3986 1170 4056 Orofii

138 4058 467 4200 ipfiznfir’upnffllibros,
498 4070 586 4123 ceter.
607 4062 708 4138 Lnga.
732 4062 796 4123 sn.
821 4069 898 4125 1788.
915 4068 948 4131 ,1.
973 4070 1002 4118 at
1025 4060 1168 4118 Scironw
