<?xml version="1.0" encoding="UTF-8"?>
<!DOCTYPE html PUBLIC "-//W3C//DTD XHTML 1.0 Transitional//EN"
    "http://www.w3.org/TR/xhtml1/DTD/xhtml1-transitional.dtd">
<html xmlns="http://www.w3.org/1999/xhtml" xml:lang="en" lang="en">
 <head>
  <title>
</title>
<meta http-equiv="Content-Type" content="text/html;charset=utf-8" />
  <meta name='ocr-system' content='tesseract 3.04.00' />
  <meta name='ocr-capabilities' content='ocr_page ocr_carea ocr_par ocr_line ocrx_word'/>
</head>
<body>
  <div class='ocr_page' id='page_1' title='image "./iogeorgiiwalchi05walcgoog/iogeorgiiwalchi05walcgoog_0688.png"; bbox 0 0 2542 4724; ppageno 0'>
   <div class='ocr_carea' id='block_1_1' title="bbox 109 224 1011 385">
    <p class='ocr_par' dir='ltr' id='par_1_1' title="bbox 109 224 1011 385">
     <span class='ocr_line' id='line_1_1' title="bbox 109 224 1011 385; baseline -0.016 -24"><span class='ocrx_word' id='word_1_1' title='bbox 109 284 186 361; x_wconf 75' lang='lat' dir='ltr'>tre</span> <span class='ocrx_word' id='word_1_2' title='bbox 413 274 502 365; x_wconf 68' lang='lat' dir='ltr'>cr</span> <span class='ocrx_word' id='word_1_3' title='bbox 530 298 567 349; x_wconf 76' lang='grc' dir='ltr'>ι».</span> <span class='ocrx_word' id='word_1_4' title='bbox 603 278 716 385; x_wconf 91' lang='lat' dir='ltr'>xm.-</span> <span class='ocrx_word' id='word_1_5' title='bbox 761 272 910 367; x_wconf 70' lang='lat' dir='ltr'>stat.</span> <span class='ocrx_word' id='word_1_6' title='bbox 1006 224 1011 233; x_wconf 68' lang='grc'>’</span> 
     </span>
    </p>
   </div>
   <div class='ocr_carea' id='block_1_2' title="bbox 15 461 1228 4117">
    <p class='ocr_par' dir='ltr' id='par_1_2' title="bbox 15 461 1228 4117">
     <span class='ocr_line' id='line_1_2' title="bbox 110 461 1223 557; baseline -0.004 -11"><span class='ocrx_word' id='word_1_7' title='bbox 110 469 281 549; x_wconf 83' lang='lat' dir='ltr'>hibendo</span> <span class='ocrx_word' id='word_1_8' title='bbox 298 462 369 539; x_wconf 89' lang='lat' dir='ltr'>usu</span> <span class='ocrx_word' id='word_1_9' title='bbox 384 463 575 536; x_wconf 90' lang='lat' dir='ltr'>mendacii</span> <span class='ocrx_word' id='word_1_10' title='bbox 590 462 637 533; x_wconf 91' lang='lat' dir='ltr'>ad</span> <span class='ocrx_word' id='word_1_11' title='bbox 656 461 888 557; x_wconf 71' lang='lat' dir='ltr'>detegendos</span> <span class='ocrx_word' id='word_1_12' title='bbox 899 464 1060 538; x_wconf 85' lang='lat' dir='ltr'>latentes</span> <span class='ocrx_word' id='word_1_13' title='bbox 1073 464 1223 541; x_wconf 84' lang='lat' dir='ltr'>Priscil-</span> 
     </span>
     <span class='ocr_line' id='line_1_3' title="bbox 111 560 1224 665; baseline -0.005 -18"><span class='ocrx_word' id='word_1_14' title='bbox 111 569 297 657; x_wconf 90' lang='lat' dir='ltr'>lianistas,</span> <span class='ocrx_word' id='word_1_15' title='bbox 330 566 398 662; x_wconf 90' lang='lat' dir='ltr'>qui</span> <span class='ocrx_word' id='word_1_16' title='bbox 420 564 457 636; x_wconf 87' lang='lat' dir='ltr'>se</span> <span class='ocrx_word' id='word_1_17' title='bbox 484 565 699 636; x_wconf 82' lang='lat' dir='ltr'>catholicos</span> <span class='ocrx_word' id='word_1_18' title='bbox 725 560 792 635; x_wconf 82' lang='lat' dir='ltr'>else</span> <span class='ocrx_word' id='word_1_19' title='bbox 825 562 1071 653; x_wconf 80' lang='lat' dir='ltr'>simulabant,</span> <span class='ocrx_word' id='word_1_20' title='bbox 1109 587 1224 665; x_wconf 87' lang='lat' dir='ltr'>atque</span> 
     </span>
     <span class='ocr_line' id='line_1_4' title="bbox 115 658 1223 767; baseline -0.003 -20"><span class='ocrx_word' id='word_1_21' title='bbox 115 658 296 755; x_wconf 85' lang='lat' dir='ltr'>ostendit,</span> <span class='ocrx_word' id='word_1_22' title='bbox 320 691 391 739; x_wconf 90' lang='lat' dir='ltr'>nec</span> <span class='ocrx_word' id='word_1_23' title='bbox 414 667 613 739; x_wconf 83' lang='lat' dir='ltr'>mendaces</span> <span class='ocrx_word' id='word_1_24' title='bbox 629 691 695 761; x_wconf 90' lang='lat' dir='ltr'>per</span> <span class='ocrx_word' id='word_1_25' title='bbox 711 662 926 752; x_wconf 88' lang='lat' dir='ltr'>mendacia,</span> <span class='ocrx_word' id='word_1_26' title='bbox 951 694 1022 739; x_wconf 90' lang='lat' dir='ltr'>nec</span> <span class='ocrx_word' id='word_1_27' title='bbox 1045 668 1223 767; x_wconf 88' lang='lat' dir='ltr'>blasphe-</span> 
     </span>
     <span class='ocr_line' id='line_1_5' title="bbox 115 766 1225 867; baseline -0.004 -20"><span class='ocrx_word' id='word_1_28' title='bbox 115 798 204 848; x_wconf 88' lang='lat' dir='ltr'>mos</span> <span class='ocrx_word' id='word_1_29' title='bbox 223 798 288 867; x_wconf 88' lang='lat' dir='ltr'>per</span> <span class='ocrx_word' id='word_1_30' title='bbox 306 769 556 864; x_wconf 82' lang='lat' dir='ltr'>blasphemias</span> <span class='ocrx_word' id='word_1_31' title='bbox 577 767 811 863; x_wconf 90' lang='lat' dir='ltr'>quaerendos</span> <span class='ocrx_word' id='word_1_32' title='bbox 838 766 916 839; x_wconf 85' lang='lat' dir='ltr'>esse.</span> <span class='ocrx_word' id='word_1_33' title='bbox 962 769 1128 855; x_wconf 57' lang='lat' dir='ltr'>,Retulit</span> <span class='ocrx_word' id='word_1_34' title='bbox 1144 773 1225 843; x_wconf 90' lang='lat' dir='ltr'>Pri·</span> 
     </span>
     <span class='ocr_line' id='line_1_6' title="bbox 119 868 1225 973; baseline -0.005 -24"><span class='ocrx_word' id='word_1_35' title='bbox 119 869 417 949; x_wconf 87' lang='lat' dir='ltr'>scillianistarum</span> <span class='ocrx_word' id='word_1_36' title='bbox 440 871 684 965; x_wconf 86' lang='lat' dir='ltr'>opinionem,</span> <span class='ocrx_word' id='word_1_37' title='bbox 713 868 1043 942; x_wconf 88' lang='lat' dir='ltr'>ad&#39;occultandam</span> <span class='ocrx_word' id='word_1_38' title='bbox 1067 874 1225 973; x_wconf 84' lang='lat' dir='ltr'>religio·</span> 
     </span>
     <span class='ocr_line' id='line_1_7' title="bbox 119 968 1225 1071; baseline -0.004 -20"><span class='ocrx_word' id='word_1_39' title='bbox 119 1000 210 1051; x_wconf 88' lang='lat' dir='ltr'>nem</span> <span class='ocrx_word' id='word_1_40' title='bbox 224 971 422 1071; x_wconf 74' lang='lat' dir='ltr'>religiosos</span> <span class='ocrx_word' id='word_1_41' title='bbox 440 972 573 1043; x_wconf 90' lang='lat' dir='ltr'>debere</span> <span class='ocrx_word' id='word_1_42' title='bbox 588 971 741 1041; x_wconf 89' lang='lat' dir='ltr'>mentiri</span> <span class='ocrx_word' id='word_1_43' title='bbox 758 996 802 1041; x_wconf 93' lang='lat' dir='ltr'>ao</span> <span class='ocrx_word' id='word_1_44' title='bbox 816 968 1010 1056; x_wconf 90' lang='lat' dir='ltr'>monstrat,</span> <span class='ocrx_word' id='word_1_45' title='bbox 1026 998 1225 1070; x_wconf 89' lang='lat' dir='ltr'>quaepro·</span> 
     </span>
     <span class='ocr_line' id='line_1_8' title="bbox 121 1073 1227 1173; baseline -0.004 -22"><span class='ocrx_word' id='word_1_46' title='bbox 121 1076 293 1152; x_wconf 81' lang='lat' dir='ltr'>serantur</span> <span class='ocrx_word' id='word_1_47' title='bbox 320 1073 418 1143; x_wconf 88' lang='lat' dir='ltr'>dicta</span> <span class='ocrx_word' id='word_1_48' title='bbox 443 1090 555 1165; x_wconf 89' lang='lat' dir='ltr'>atque</span> <span class='ocrx_word' id='word_1_49' title='bbox 581 1074 749 1166; x_wconf 86' lang='lat' dir='ltr'>exempla</span> <span class='ocrx_word' id='word_1_50' title='bbox 775 1073 1080 1168; x_wconf 87' lang='lat' dir='ltr'>haud.probare,</span> <span class='ocrx_word' id='word_1_51' title='bbox 1116 1076 1227 1173; x_wconf 89' lang='lat' dir='ltr'>quod</span> 
     </span>
     <span class='ocr_line' id='line_1_9' title="bbox 121 1173 1226 1276; baseline 0.001 -28"><span class='ocrx_word' id='word_1_52' title='bbox 121 1178 284 1276; x_wconf 88' lang='lat' dir='ltr'>probare</span> <span class='ocrx_word' id='word_1_53' title='bbox 301 1173 461 1244; x_wconf 88' lang='lat' dir='ltr'>debeant</span> <span class='ocrx_word' id='word_1_54' title='bbox 479 1173 581 1266; x_wconf 86' lang='lat' dir='ltr'>sique</span> <span class='ocrx_word' id='word_1_55' title='bbox 598 1191 635 1245; x_wconf 93' lang='lat' dir='ltr'>et</span> <span class='ocrx_word' id='word_1_56' title='bbox 651 1174 891 1245; x_wconf 86' lang='lat' dir='ltr'>mendacium</span> <span class='ocrx_word' id='word_1_57' title='bbox 909 1174 955 1244; x_wconf 89' lang='lat' dir='ltr'>ad</span> <span class='ocrx_word' id='word_1_58' title='bbox 970 1175 1132 1248; x_wconf 90' lang='lat' dir='ltr'>salutem</span> <span class='ocrx_word' id='word_1_59' title='bbox 1157 1179 1226 1249; x_wconf 90' lang='lat' dir='ltr'>hu·</span> 
     </span>
     <span class='ocr_line' id='line_1_10' title="bbox 122 1274 1227 1371; baseline -0.001 -19"><span class='ocrx_word' id='word_1_60' title='bbox 122 1282 185 1352; x_wconf 88' lang='lat' dir='ltr'>ius</span> <span class='ocrx_word' id='word_1_61' title='bbox 212 1296 323 1371; x_wconf 81' lang='lat' dir='ltr'>atque</span> <span class='ocrx_word' id='word_1_62' title='bbox 347 1275 499 1347; x_wconf 90' lang='lat' dir='ltr'>alterius</span> <span class='ocrx_word' id='word_1_63' title='bbox 523 1274 622 1348; x_wconf 79' lang='lat' dir='ltr'>vitae</span> <span class='ocrx_word' id='word_1_64' title='bbox 646 1276 740 1345; x_wconf 90' lang='lat' dir='ltr'>utile</span> <span class='ocrx_word' id='word_1_65' title='bbox 765 1300 807 1346; x_wconf 90' lang='lat' dir='ltr'>ac</span> <span class='ocrx_word' id='word_1_66' title='bbox 830 1274 1071 1348; x_wconf 86' lang='lat' dir='ltr'>necessarium</span> <span class='ocrx_word' id='word_1_67' title='bbox 1099 1279 1227 1351; x_wconf 86' lang='lat' dir='ltr'>videa·</span> 
     </span>
     <span class='ocr_line' id='line_1_11' title="bbox 124 1374 1226 1472; baseline 0.003 -21"><span class='ocrx_word' id='word_1_68' title='bbox 124 1398 207 1462; x_wconf 91' lang='lat' dir='ltr'>tur,</span> <span class='ocrx_word' id='word_1_69' title='bbox 231 1377 327 1449; x_wconf 88' lang='lat' dir='ltr'>illud</span> <span class='ocrx_word' id='word_1_70' title='bbox 340 1394 467 1449; x_wconf 83' lang='lat' dir='ltr'>tamen</span> <span class='ocrx_word' id='word_1_71' title='bbox 489 1376 653 1471; x_wconf 91' lang='lat' dir='ltr'>impium</span> <span class='ocrx_word' id='word_1_72' title='bbox 672 1374 758 1462; x_wconf 86' lang='lat' dir='ltr'>esse,</span> <span class='ocrx_word' id='word_1_73' title='bbox 778 1376 1015 1472; x_wconf 86' lang='lat' dir='ltr'>maximeque</span> <span class='ocrx_word' id='word_1_74' title='bbox 1039 1379 1082 1450; x_wconf 89' lang='lat' dir='ltr'>in</span> <span class='ocrx_word' id='word_1_75' title='bbox 1099 1380 1226 1469; x_wconf 83' lang='lat' dir='ltr'>rebus,</span> 
     </span>
     <span class='ocr_line' id='line_1_12' title="bbox 125 1477 1008 1579; baseline 0 -28"><span class='ocrx_word' id='word_1_76' title='bbox 125 1505 221 1579; x_wconf 88' lang='lat' dir='ltr'>quae</span> <span class='ocrx_word' id='word_1_77' title='bbox 240 1479 286 1550; x_wconf 86' lang='lat' dir='ltr'>ad</span> <span class='ocrx_word' id='word_1_78' title='bbox 306 1478 531 1575; x_wconf 86' lang='lat' dir='ltr'>religionem</span> <span class='ocrx_word' id='word_1_79' title='bbox 550 1477 772 1571; x_wconf 87' lang='lat' dir='ltr'>pertineant,</span> <span class='ocrx_word' id='word_1_80' title='bbox 798 1479 1008 1551; x_wconf 85' lang='lat' dir='ltr'>vitandum.</span> 
     </span>
     <span class='ocr_line' id='line_1_13' title="bbox 213 1566 1226 1674; baseline 0.004 -21"><span class='ocrx_word' id='word_1_81' title='bbox 213 1584 452 1653; x_wconf 76' lang='lat' dir='ltr'>·A&#39;munos11</span> <span class='ocrx_word' id='word_1_82' title='bbox 469 1579 575 1649; x_wconf 87' lang='lat' dir='ltr'>Libri</span> <span class='ocrx_word' id='word_1_83' title='bbox 591 1596 665 1650; x_wconf 87' lang='lat' dir='ltr'>tres</span> <span class='ocrx_word' id='word_1_84' title='bbox 684 1579 730 1650; x_wconf 90' lang='lat' dir='ltr'>de</span> <span class='ocrx_word' id='word_1_85' title='bbox 748 1566 898 1670; x_wconf 84' lang='lat' dir='ltr'>Officiis,</span> <span class='ocrx_word' id='word_1_86' title='bbox 926 1581 1032 1674; x_wconf 87' lang='lat' dir='ltr'>quod</span> <span class='ocrx_word' id='word_1_87' title='bbox 1051 1581 1226 1657; x_wconf 84' lang='lat' dir='ltr'>interl’a·</span> 
     </span>
     <span class='ocr_line' id='line_1_14' title="bbox 126 1680 1226 1780; baseline 0.002 -23"><span class='ocrx_word' id='word_1_88' title='bbox 126 1700 229 1757; x_wconf 88' lang='lat' dir='ltr'>trum</span> <span class='ocrx_word' id='word_1_89' title='bbox 255 1682 387 1775; x_wconf 88' lang='lat' dir='ltr'>scripta</span> <span class='ocrx_word' id='word_1_90' title='bbox 411 1680 728 1774; x_wconf 89' lang='lat' dir='ltr'>iurisprudentiae</span> <span class='ocrx_word' id='word_1_91' title='bbox 753 1681 900 1771; x_wconf 77' lang='lat' dir='ltr'>divinae</span> <span class='ocrx_word' id='word_1_92' title='bbox 925 1684 1101 1778; x_wconf 86' lang='lat' dir='ltr'>princeps</span> <span class='ocrx_word' id='word_1_93' title='bbox 1129 1710 1226 1780; x_wconf 83' lang='lat' dir='ltr'>opus</span> 
     </span>
     <span class='ocr_line' id='line_1_15' title="bbox 129 1778 1227 1881; baseline 0 -23"><span class='ocrx_word' id='word_1_94' title='bbox 129 1784 190 1858; x_wconf 87' lang='lat' dir='ltr'>est.</span> <span class='ocrx_word' id='word_1_95' title='bbox 242 1783 386 1853; x_wconf 85' lang='lat' dir='ltr'>Imitari</span> <span class='ocrx_word' id='word_1_96' title='bbox 403 1783 531 1853; x_wconf 88' lang='lat' dir='ltr'>voluit</span> <span class='ocrx_word' id='word_1_97' title='bbox 549 1783 767 1854; x_wconf 86' lang='lat' dir='ltr'>Ciceronem</span> <span class='ocrx_word' id='word_1_98' title='bbox 790 1785 831 1855; x_wconf 83' lang='lat' dir='ltr'>iu</span> <span class='ocrx_word' id='word_1_99' title='bbox 847 1785 952 1856; x_wconf 85' lang='lat' dir='ltr'>libris</span> <span class='ocrx_word' id='word_1_100' title='bbox 971 1785 1052 1856; x_wconf 89' lang='lat' dir='ltr'>eius</span> <span class='ocrx_word' id='word_1_101' title='bbox 1073 1785 1123 1857; x_wconf 91' lang='lat' dir='ltr'>de</span> <span class='ocrx_word' id='word_1_102' title='bbox 1135 1778 1227 1881; x_wconf 82' lang='lat' dir='ltr'>Offi-</span> 
     </span>
     <span class='ocr_line' id='line_1_16' title="bbox 128 1882 1227 1983; baseline 0.004 -25"><span class='ocrx_word' id='word_1_103' title='bbox 128 1890 211 1973; x_wconf 84' lang='lat' dir='ltr'>ciis,</span> <span class='ocrx_word' id='word_1_104' title='bbox 255 1884 371 1977; x_wconf 90' lang='lat' dir='ltr'>idque</span> <span class='ocrx_word' id='word_1_105' title='bbox 402 1882 561 1956; x_wconf 83' lang='lat' dir='ltr'>feliciter</span> <span class='ocrx_word' id='word_1_106' title='bbox 593 1883 792 1979; x_wconf 83' lang='lat' dir='ltr'>praestitit:</span> <span class='ocrx_word' id='word_1_107' title='bbox 840 1885 920 1955; x_wconf 94' lang='lat' dir='ltr'>imo</span> <span class='ocrx_word' id='word_1_108' title='bbox 956 1911 1064 1971; x_wconf 88' lang='lat' dir='ltr'>eum,</span> <span class='ocrx_word' id='word_1_109' title='bbox 1113 1912 1227 1983; x_wconf 88' lang='lat' dir='ltr'>quem</span> 
     </span>
     <span class='ocr_line' id='line_1_17' title="bbox 15 1984 1227 2085; baseline 0.001 -25"><span class='ocrx_word' id='word_1_110' title='bbox 15 2060 18 2071; x_wconf 80' lang='grc'>,</span> <span class='ocrx_word' id='word_1_111' title='bbox 128 1985 248 2060; x_wconf 85' lang='lat' dir='ltr'>veluti</span> <span class='ocrx_word' id='word_1_112' title='bbox 269 1987 484 2081; x_wconf 87' lang='lat' dir='ltr'>exemplum</span> <span class='ocrx_word' id='word_1_113' title='bbox 503 1987 552 2057; x_wconf 96' lang='lat' dir='ltr'>ob</span> <span class='ocrx_word' id='word_1_114' title='bbox 573 1989 704 2059; x_wconf 90' lang='lat' dir='ltr'>oculos</span> <span class='ocrx_word' id='word_1_115' title='bbox 720 1984 867 2082; x_wconf 86' lang='lat' dir='ltr'>posuit,</span> <span class='ocrx_word' id='word_1_116' title='bbox 892 1988 1061 2059; x_wconf 88' lang='lat' dir='ltr'>multum</span> <span class='ocrx_word' id='word_1_117' title='bbox 1079 1988 1227 2085; x_wconf 86' lang='lat' dir='ltr'>supera·</span> 
     </span>
     <span class='ocr_line' id='line_1_18' title="bbox 53 2086 1227 2183; baseline -0.001 -19"><span class='ocrx_word' id='word_1_118' title='bbox 53 2160 56 2164; x_wconf 88' lang='lat'>.</span> <span class='ocrx_word' id='word_1_119' title='bbox 128 2090 198 2163; x_wconf 84' lang='lat' dir='ltr'>vit.</span> <span class='ocrx_word' id='word_1_120' title='bbox 247 2089 481 2181; x_wconf 51' lang='lat' dir='ltr'>§enemim</span> <span class='ocrx_word' id='word_1_121' title='bbox 516 2088 668 2183; x_wconf 89' lang='lat' dir='ltr'>quidem</span> <span class='ocrx_word' id='word_1_122' title='bbox 694 2089 781 2159; x_wconf 90' lang='lat' dir='ltr'>libri</span> <span class='ocrx_word' id='word_1_123' title='bbox 805 2089 845 2158; x_wconf 91' lang='lat' dir='ltr'>hi</span> <span class='ocrx_word' id='word_1_124' title='bbox 866 2088 1034 2183; x_wconf 89' lang='lat' dir='ltr'>inscripti</span> <span class='ocrx_word' id='word_1_125' title='bbox 1058 2086 1154 2162; x_wconf 88' lang='lat' dir='ltr'>sunt</span> <span class='ocrx_word' id='word_1_126' title='bbox 1185 2093 1227 2163; x_wconf 85' lang='lat' dir='ltr'>de</span> 
     </span>
     <span class='ocr_line' id='line_1_19' title="bbox 132 2181 1226 2289; baseline 0.003 -29"><span class='ocrx_word' id='word_1_127' title='bbox 132 2181 287 2285; x_wconf 79' lang='lat' dir='ltr'>Officiis,</span> <span class='ocrx_word' id='word_1_128' title='bbox 315 2208 513 2289; x_wconf 91' lang='lat' dir='ltr'>exponunt</span> <span class='ocrx_word' id='word_1_129' title='bbox 529 2209 656 2262; x_wconf 90' lang='lat' dir='ltr'>autem</span> <span class='ocrx_word' id='word_1_130' title='bbox 680 2190 870 2285; x_wconf 87' lang='lat' dir='ltr'>speciatim</span> <span class='ocrx_word' id='word_1_131' title='bbox 893 2190 938 2261; x_wconf 91' lang='lat' dir='ltr'>de</span> <span class='ocrx_word' id='word_1_132' title='bbox 957 2186 1090 2263; x_wconf 87' lang='lat' dir='ltr'>officiis</span> <span class='ocrx_word' id='word_1_133' title='bbox 1108 2194 1226 2265; x_wconf 84' lang='lat' dir='ltr'>Mini.</span> 
     </span>
     <span class='ocr_line' id='line_1_20' title="bbox 129 2288 1227 2386; baseline -0.001 -19"><span class='ocrx_word' id='word_1_134' title='bbox 129 2290 292 2367; x_wconf 86' lang='lat' dir='ltr'>strorum</span> <span class='ocrx_word' id='word_1_135' title='bbox 309 2290 489 2364; x_wconf 78' lang='lat' dir='ltr'>Ecclesiae</span> <span class='ocrx_word' id='word_1_136' title='bbox 511 2316 553 2364; x_wconf 86' lang='lat' dir='ltr'>ac</span> <span class='ocrx_word' id='word_1_137' title='bbox 577 2288 805 2375; x_wconf 88' lang='lat' dir='ltr'>monstrant,</span> <span class='ocrx_word' id='word_1_138' title='bbox 834 2293 1033 2386; x_wconf 89' lang='lat' dir='ltr'>quomodo</span> <span class='ocrx_word' id='word_1_139' title='bbox 1059 2295 1122 2365; x_wconf 91' lang='lat' dir='ltr'>illi</span> <span class='ocrx_word' id='word_1_140' title='bbox 1145 2320 1227 2366; x_wconf 89' lang='lat' dir='ltr'>mu·</span> 
     </span>
     <span class='ocr_line' id='line_1_21' title="bbox 130 2391 1226 2468; baseline 0.001 -1"><span class='ocrx_word' id='word_1_141' title='bbox 130 2420 204 2467; x_wconf 91' lang='lat' dir='ltr'>nus</span> <span class='ocrx_word' id='word_1_142' title='bbox 231 2393 340 2465; x_wconf 82' lang='lat' dir='ltr'>suum</span> <span class='ocrx_word' id='word_1_143' title='bbox 372 2412 471 2465; x_wconf 90' lang='lat' dir='ltr'>recte</span> <span class='ocrx_word' id='word_1_144' title='bbox 497 2419 538 2465; x_wconf 91' lang='lat' dir='ltr'>ac</span> <span class='ocrx_word' id='word_1_145' title='bbox 562 2392 635 2463; x_wconf 89' lang='lat' dir='ltr'>rite</span> <span class='ocrx_word' id='word_1_146' title='bbox 666 2391 918 2463; x_wconf 88' lang='lat' dir='ltr'>administrare</span> <span class='ocrx_word' id='word_1_147' title='bbox 945 2394 1120 2468; x_wconf 87' lang='lat' dir='ltr'>debeant.</span> <span class='ocrx_word' id='word_1_148' title='bbox 1184 2402 1226 2468; x_wconf 88' lang='lat' dir='ltr'>ln</span> 
     </span>
     <span class='ocr_line' id='line_1_22' title="bbox 130 2492 1226 2593; baseline 0.005 -27"><span class='ocrx_word' id='word_1_149' title='bbox 130 2497 318 2593; x_wconf 88' lang='lat' dir='ltr'>principio</span> <span class='ocrx_word' id='word_1_150' title='bbox 353 2492 515 2567; x_wconf 81' lang='lat' dir='ltr'>ostendit</span> <span class='ocrx_word' id='word_1_151' title='bbox 536 2493 789 2580; x_wconf 69' lang='lat' dir='ltr'>Ambrosius,¹</span> <span class='ocrx_word' id='word_1_152' title='bbox 818 2495 997 2589; x_wconf 83' lang='lat' dir='ltr'>Episcopi</span> <span class='ocrx_word' id='word_1_153' title='bbox 1024 2500 1226 2593; x_wconf 88' lang='lat' dir='ltr'>proprium</span> 
     </span>
     <span class='ocr_line' id='line_1_23' title="bbox 131 2595 1227 2685; baseline 0 -15"><span class='ocrx_word' id='word_1_154' title='bbox 131 2596 273 2670; x_wconf 84' lang='lat' dir='ltr'>nrnnus</span> <span class='ocrx_word' id='word_1_155' title='bbox 289 2595 364 2668; x_wconf 85' lang='lat' dir='ltr'>esse</span> <span class='ocrx_word' id='word_1_156' title='bbox 389 2598 540 2680; x_wconf 81' lang='lat' dir='ltr'>docere3</span> <span class='ocrx_word' id='word_1_157' title='bbox 573 2595 639 2685; x_wconf 79' lang='lat' dir='ltr'>sibi</span> <span class='ocrx_word' id='word_1_158' title='bbox 665 2615 790 2667; x_wconf 87' lang='lat' dir='ltr'>autem</span> <span class='ocrx_word' id='word_1_159' title='bbox 820 2596 1038 2667; x_wconf 90' lang='lat' dir='ltr'>discendum</span> <span class='ocrx_word' id='word_1_160' title='bbox 1062 2598 1156 2685; x_wconf 81' lang='lat' dir='ltr'>effe,</span> <span class='ocrx_word' id='word_1_161' title='bbox 1185 2617 1227 2671; x_wconf 86' lang='lat' dir='ltr'>ut</span> 
     </span>
     <span class='ocr_line' id='line_1_24' title="bbox 133 2698 1226 2796; baseline 0.004 -27"><span class='ocrx_word' id='word_1_162' title='bbox 133 2700 277 2770; x_wconf 90' lang='lat' dir='ltr'>doceat.</span> <span class='ocrx_word' id='word_1_163' title='bbox 322 2698 466 2793; x_wconf 82' lang='lat' dir='ltr'>Quibus</span> <span class='ocrx_word' id='word_1_164' title='bbox 485 2700 702 2793; x_wconf 84' lang='lat' dir='ltr'>explanatis,</span> <span class='ocrx_word' id='word_1_165' title='bbox 729 2698 970 2796; x_wconf 81' lang='lat' dir='ltr'>progreditur</span> <span class='ocrx_word' id='word_1_166' title='bbox 985 2716 1103 2794; x_wconf 91' lang='lat' dir='ltr'>atque</span> <span class='ocrx_word' id='word_1_167' title='bbox 1125 2726 1226 2775; x_wconf 87' lang='lat' dir='ltr'>enar·</span> 
     </span>
     <span class='ocr_line' id='line_1_25' title="bbox 131 2798 1226 2896; baseline 0.005 -26"><span class='ocrx_word' id='word_1_168' title='bbox 131 2819 211 2887; x_wconf 85' lang='lat' dir='ltr'>¹rat,</span> <span class='ocrx_word' id='word_1_169' title='bbox 238 2825 310 2896; x_wconf 90' lang='lat' dir='ltr'>qua</span> <span class='ocrx_word' id='word_1_170' title='bbox 328 2801 475 2871; x_wconf 90' lang='lat' dir='ltr'>ratione</span> <span class='ocrx_word' id='word_1_171' title='bbox 500 2798 545 2870; x_wconf 82' lang='lat' dir='ltr'>stt</span> <span class='ocrx_word' id='word_1_172' title='bbox 569 2802 808 2895; x_wconf 86' lang='lat' dir='ltr'>loquendum</span> <span class='ocrx_word' id='word_1_173' title='bbox 835 2824 877 2870; x_wconf 89' lang='lat' dir='ltr'>ao</span> <span class='ocrx_word' id='word_1_174' title='bbox 903 2802 1133 2891; x_wconf 85' lang='lat' dir='ltr'>tacendum,</span> <span class='ocrx_word' id='word_1_175' title='bbox 1169 2804 1226 2875; x_wconf 88' lang='lat' dir='ltr'>de·</span> 
     </span>
     <span class='ocr_line' id='line_1_26' title="bbox 133 2898 1227 3001; baseline 0.005 -28"><span class='ocrx_word' id='word_1_176' title='bbox 133 2928 267 2973; x_wconf 90' lang='lat' dir='ltr'>corum</span> <span class='ocrx_word' id='word_1_177' title='bbox 287 2903 396 2995; x_wconf 91' lang='lat' dir='ltr'>quale</span> <span class='ocrx_word' id='word_1_178' title='bbox 412 2900 543 2972; x_wconf 88' lang='lat' dir='ltr'>debeat</span> <span class='ocrx_word' id='word_1_179' title='bbox 557 2899 700 2972; x_wconf 87' lang='lat' dir='ltr'>servare</span> <span class='ocrx_word' id='word_1_180' title='bbox 714 2928 755 2973; x_wconf 94' lang='lat' dir='ltr'>ac</span> <span class='ocrx_word' id='word_1_181' title='bbox 773 2902 818 2973; x_wconf 89' lang='lat' dir='ltr'>de</span> <span class='ocrx_word' id='word_1_182' title='bbox 832 2898 928 2972; x_wconf 91' lang='lat' dir='ltr'>locis</span> <span class='ocrx_word' id='word_1_183' title='bbox 945 2898 1088 2990; x_wconf 85' lang='lat' dir='ltr'>statuit,</span> <span class='ocrx_word' id='word_1_184' title='bbox 1100 2932 1227 3001; x_wconf 89' lang='lat' dir='ltr'>quam·</span> 
     </span>
     <span class='ocr_line' id='line_1_27' title="bbox 132 3000 1227 3097; baseline 0.002 -22"><span class='ocrx_word' id='word_1_185' title='bbox 132 3005 191 3075; x_wconf 83' lang='lat' dir='ltr'>vis</span> <span class='ocrx_word' id='word_1_186' title='bbox 215 3004 271 3073; x_wconf 90' lang='lat' dir='ltr'>illi</span> <span class='ocrx_word' id='word_1_187' title='bbox 292 3027 585 3097; x_wconf 89' lang='lat' dir='ltr'>nonnumquam</span> <span class='ocrx_word' id='word_1_188' title='bbox 603 3000 748 3074; x_wconf 89' lang='lat' dir='ltr'>honesti</span> <span class='ocrx_word' id='word_1_189' title='bbox 764 3001 853 3087; x_wconf 82' lang='lat' dir='ltr'>snat,</span> <span class='ocrx_word' id='word_1_190' title='bbox 882 3028 944 3073; x_wconf 83' lang='lat' dir='ltr'>eos·</span> <span class='ocrx_word' id='word_1_191' title='bbox 965 3021 1097 3077; x_wconf 88' lang='lat' dir='ltr'>tamen</span> <span class='ocrx_word' id='word_1_192' title='bbox 1114 3010 1156 3079; x_wconf 90' lang='lat' dir='ltr'>in</span> <span class='ocrx_word' id='word_1_193' title='bbox 1174 3032 1227 3079; x_wconf 88' lang='lat' dir='ltr'>ec·</span> 
     </span>
     <span class='ocr_line' id='line_1_28' title="bbox 134 3102 1226 3201; baseline 0.004 -26"><span class='ocrx_word' id='word_1_194' title='bbox 134 3102 336 3201; x_wconf 81' lang='lat' dir='ltr'>¹clesrasticis</span> <span class='ocrx_word' id='word_1_195' title='bbox 362 3105 454 3176; x_wconf 84' lang='lat' dir='ltr'>viris</span> <span class='ocrx_word' id='word_1_196' title='bbox 480 3104 640 3174; x_wconf 87' lang='lat' dir='ltr'>omnino</span> <span class='ocrx_word' id='word_1_197' title='bbox 669 3104 974 3199; x_wconf 88' lang='lat' dir='ltr'>proscribendos;</span> <span class='ocrx_word' id='word_1_198' title='bbox 1000 3130 1143 3181; x_wconf 79' lang='lat' dir='ltr'>vocem</span> <span class='ocrx_word' id='word_1_199' title='bbox 1167 3134 1226 3181; x_wconf 89' lang='lat' dir='ltr'>au·</span> 
     </span>
     <span class='ocr_line' id='line_1_29' title="bbox 133 3202 1225 3303; baseline 0.005 -27"><span class='ocrx_word' id='word_1_200' title='bbox 133 3223 212 3279; x_wconf 88' lang='lat' dir='ltr'>tem</span> <span class='ocrx_word' id='word_1_201' title='bbox 233 3231 366 3303; x_wconf 88' lang='lat' dir='ltr'>puram</span> <span class='ocrx_word' id='word_1_202' title='bbox 393 3230 436 3276; x_wconf 88' lang='lat' dir='ltr'>ao</span> <span class='ocrx_word' id='word_1_203' title='bbox 458 3202 663 3299; x_wconf 76' lang='lat' dir='ltr'>simplicem</span> <span class='ocrx_word' id='word_1_204' title='bbox 685 3204 752 3276; x_wconf 84' lang='lat' dir='ltr'>esse</span> <span class='ocrx_word' id='word_1_205' title='bbox 769 3224 955 3300; x_wconf 89' lang='lat' dir='ltr'>oportere.</span> <span class='ocrx_word' id='word_1_206' title='bbox 1010 3211 1104 3281; x_wconf 87' lang='lat' dir='ltr'>Tria</span> <span class='ocrx_word' id='word_1_207' title='bbox 1121 3214 1225 3283; x_wconf 90' lang='lat' dir='ltr'>inre·</span> 
     </span>
     <span class='ocr_line' id='line_1_30' title="bbox 132 3305 1228 3405; baseline 0.004 -28"><span class='ocrx_word' id='word_1_208' title='bbox 132 3306 205 3378; x_wconf 89' lang='lat' dir='ltr'>bus</span> <span class='ocrx_word' id='word_1_209' title='bbox 229 3307 449 3405; x_wconf 82' lang='lat' dir='ltr'>peragendis</span> <span class='ocrx_word' id='word_1_210' title='bbox 475 3306 683 3377; x_wconf 85' lang='lat' dir='ltr'>adhibenda</span> <span class='ocrx_word' id='word_1_211' title='bbox 709 3305 795 3392; x_wconf 87' lang='lat' dir='ltr'>elle,</span> <span class='ocrx_word' id='word_1_212' title='bbox 822 3307 945 3393; x_wconf 91' lang='lat' dir='ltr'>addit,</span> <span class='ocrx_word' id='word_1_213' title='bbox 970 3309 1160 3385; x_wconf 86' lang='lat' dir='ltr'>nimirum</span> <span class='ocrx_word' id='word_1_214' title='bbox 1187 3330 1228 3382; x_wconf 89' lang='lat' dir='ltr'>ut</span> 
     </span>
     <span class='ocr_line' id='line_1_31' title="bbox 132 3406 1226 3505; baseline 0.006 -26"><span class='ocrx_word' id='word_1_215' title='bbox 132 3409 285 3505; x_wconf 86' lang='lat' dir='ltr'>rationi¹</span> <span class='ocrx_word' id='word_1_216' title='bbox 302 3410 490 3505; x_wconf 86' lang='lat' dir='ltr'>appetitus</span> <span class='ocrx_word' id='word_1_217' title='bbox 512 3406 749 3491; x_wconf 78' lang='lat' dir='ltr'>subiiciatur3</span> <span class='ocrx_word' id='word_1_218' title='bbox 777 3426 821 3479; x_wconf 89' lang='lat' dir='ltr'>ut</span> <span class='ocrx_word' id='word_1_219' title='bbox 837 3409 877 3479; x_wconf 92' lang='lat' dir='ltr'>in</span> <span class='ocrx_word' id='word_1_220' title='bbox 894 3406 1027 3482; x_wconf 86' lang='lat' dir='ltr'>studiis</span> <span class='ocrx_word' id='word_1_221' title='bbox 1046 3410 1144 3485; x_wconf 88' lang='lat' dir='ltr'>iusta</span> <span class='ocrx_word' id='word_1_222' title='bbox 1164 3414 1226 3485; x_wconf 85' lang='lat' dir='ltr'>ser·</span> 
     </span>
     <span class='ocr_line' id='line_1_32' title="bbox 131 3510 1227 3613; baseline 0.004 -32"><span class='ocrx_word' id='word_1_223' title='bbox 131 3528 245 3581; x_wconf 89' lang='lat' dir='ltr'>uetur</span> <span class='ocrx_word' id='word_1_224' title='bbox 262 3510 495 3593; x_wconf 65' lang='lat' dir='ltr'>moderatim</span> <span class='ocrx_word' id='word_1_225' title='bbox 522 3527 566 3581; x_wconf 91' lang='lat' dir='ltr'>ut</span> <span class='ocrx_word' id='word_1_226' title='bbox 592 3510 755 3604; x_wconf 89' lang='lat' dir='ltr'>denique</span> <span class='ocrx_word' id='word_1_227' title='bbox 779 3510 847 3581; x_wconf 77' lang='lat' dir='ltr'>stro</span> <span class='ocrx_word' id='word_1_228' title='bbox 864 3535 1037 3607; x_wconf 89' lang='lat' dir='ltr'>quaeque</span> <span class='ocrx_word' id='word_1_229' title='bbox 1059 3532 1227 3613; x_wconf 87' lang='lat' dir='ltr'>tempore</span> 
     </span>
     <span class='ocr_line' id='line_1_33' title="bbox 133 3610 1225 3711; baseline 0.004 -30"><span class='ocrx_word' id='word_1_230' title='bbox 133 3629 246 3705; x_wconf 85' lang='lat' dir='ltr'>atque</span> <span class='ocrx_word' id='word_1_231' title='bbox 279 3612 412 3682; x_wconf 89' lang='lat' dir='ltr'>ordine</span> <span class='ocrx_word' id='word_1_232' title='bbox 442 3628 629 3711; x_wconf 84' lang='lat' dir='ltr'>gerantur.</span> <span class='ocrx_word' id='word_1_233' title='bbox 686 3612 858 3682; x_wconf 90' lang='lat' dir='ltr'>Indicant</span> <span class='ocrx_word' id='word_1_234' title='bbox 883 3610 971 3685; x_wconf 91' lang='lat' dir='ltr'>haec</span> <span class='ocrx_word' id='word_1_235' title='bbox 1003 3617 1164 3709; x_wconf 89' lang='lat' dir='ltr'>quidem</span> <span class='ocrx_word' id='word_1_236' title='bbox 1189 3640 1225 3685; x_wconf 84' lang='lat' dir='ltr'>ac</span> 
     </span>
     <span class='ocr_line' id='line_1_34' title="bbox 131 3711 1224 3815; baseline 0.001 -30"><span class='ocrx_word' id='word_1_237' title='bbox 131 3715 253 3785; x_wconf 84' lang='lat' dir='ltr'>multa</span> <span class='ocrx_word' id='word_1_238' title='bbox 271 3714 352 3797; x_wconf 90' lang='lat' dir='ltr'>alia,</span> <span class='ocrx_word' id='word_1_239' title='bbox 381 3738 474 3808; x_wconf 90' lang='lat' dir='ltr'>quae</span> <span class='ocrx_word' id='word_1_240' title='bbox 501 3714 726 3809; x_wconf 89' lang='lat' dir='ltr'>sequuntur,</span> <span class='ocrx_word' id='word_1_241' title='bbox 755 3711 997 3786; x_wconf 79' lang='lat' dir='ltr'>Ambrosium</span> <span class='ocrx_word' id='word_1_242' title='bbox 1018 3720 1224 3815; x_wconf 84' lang='lat' dir='ltr'>praecipere</span> 
     </span>
     <span class='ocr_line' id='line_1_35' title="bbox 134 3810 1222 3913; baseline 0.007 -30"><span class='ocrx_word' id='word_1_243' title='bbox 134 3812 182 3885; x_wconf 88' lang='lat' dir='ltr'>de</span> <span class='ocrx_word' id='word_1_244' title='bbox 214 3810 362 3900; x_wconf 82' lang='lat' dir='ltr'>officiis,</span> <span class='ocrx_word' id='word_1_245' title='bbox 404 3816 579 3887; x_wconf 87' lang='lat' dir='ltr'>omnium</span> <span class='ocrx_word' id='word_1_246' title='bbox 604 3812 897 3899; x_wconf 83' lang='lat' dir='ltr'>Christianorum</span> <span class='ocrx_word' id='word_1_247' title='bbox 935 3820 1222 3913; x_wconf 52' lang='lat' dir='ltr'>communibus</span> 
     </span>
     <span class='ocr_line' id='line_1_36' title="bbox 133 3912 1222 4012; baseline 0.002 -27"><span class='ocrx_word' id='word_1_248' title='bbox 133 3931 300 3987; x_wconf 87' lang='lat' dir='ltr'>attamen</span> <span class='ocrx_word' id='word_1_249' title='bbox 326 3940 422 4008; x_wconf 86' lang='lat' dir='ltr'>opus</span> <span class='ocrx_word' id='word_1_250' title='bbox 448 3918 523 3987; x_wconf 88' lang='lat' dir='ltr'>hoc</span> <span class='ocrx_word' id='word_1_251' title='bbox 544 3918 742 4012; x_wconf 88' lang='lat' dir='ltr'>praecipue</span> <span class='ocrx_word' id='word_1_252' title='bbox 767 3917 815 3988; x_wconf 88' lang='lat' dir='ltr'>ad</span> <span class='ocrx_word' id='word_1_253' title='bbox 830 3912 1031 3991; x_wconf 84' lang='lat' dir='ltr'>Ministros</span> <span class='ocrx_word' id='word_1_254' title='bbox 1049 3920 1222 3993; x_wconf 82' lang='lat' dir='ltr'>Ecclesiae</span> 
     </span>
     <span class='ocr_line' id='line_1_37' title="bbox 134 4014 1220 4117; baseline 0.004 -32"><span class='ocrx_word' id='word_1_255' title='bbox 134 4014 284 4108; x_wconf 88' lang='lat' dir='ltr'>spectat.</span> <span class='ocrx_word' id='word_1_256' title='bbox 339 4016 575 4087; x_wconf 86' lang='lat' dir='ltr'>Confirmant</span> <span class='ocrx_word' id='word_1_257' title='bbox 596 4016 672 4089; x_wconf 88' lang='lat' dir='ltr'>hoc</span> <span class='ocrx_word' id='word_1_258' title='bbox 696 4018 809 4089; x_wconf 90' lang='lat' dir='ltr'>etiam</span> <span class='ocrx_word' id='word_1_259' title='bbox 824 4017 982 4091; x_wconf 83' lang='lat' dir='ltr'>Codices</span> <span class='ocrx_word' id='word_1_260' title='bbox 1000 4020 1139 4117; x_wconf 88' lang='lat' dir='ltr'>mspti,</span> <span class='ocrx_word' id='word_1_261' title='bbox 1165 4018 1220 4115; x_wconf 89' lang='lat' dir='ltr'>qui</span> 
     </span>
    </p>
   </div>
   <div class='ocr_carea' id='block_1_3' title="bbox 134 4110 1217 4217">
    <p class='ocr_par' dir='ltr' id='par_1_3' title="bbox 134 4110 1217 4217">
     <span class='ocr_line' id='line_1_38' title="bbox 134 4110 1217 4217; baseline 0.011 -32"><span class='ocrx_word' id='word_1_262' title='bbox 134 4118 291 4191; x_wconf 86' lang='lat' dir='ltr'>titulum</span> <span class='ocrx_word' id='word_1_263' title='bbox 310 4118 355 4191; x_wconf 86' lang='lat' dir='ltr'>de</span> <span class='ocrx_word' id='word_1_264' title='bbox 374 4114 518 4217; x_wconf 74' lang='lat' dir='ltr'>Officiis</span> <span class='ocrx_word' id='word_1_265' title='bbox 533 4110 793 4213; x_wconf 78' lang='lat' dir='ltr'>Mirrifirorum</span> <span class='ocrx_word' id='word_1_266' title='bbox 808 4144 897 4216; x_wconf 84' lang='lat' dir='ltr'>prae</span> <span class='ocrx_word' id='word_1_267' title='bbox 913 4120 949 4193; x_wconf 93' lang='lat' dir='ltr'>se</span> <span class='ocrx_word' id='word_1_268' title='bbox 964 4118 1110 4199; x_wconf 86' lang='lat' dir='ltr'>serunt.</span> <span class='ocrx_word' id='word_1_269' title='bbox 1160 4128 1217 4197; x_wconf 79' lang='lat' dir='ltr'>Iit·</span> 
     </span>
    </p>
   </div>
   <div class='ocr_carea' id='block_1_4' title="bbox 0 0 1288 4724">
    <p class='ocr_par' dir='ltr' id='par_1_4' title="bbox 0 0 1288 4724">
     <span class='ocr_line' id='line_1_39' title="bbox 0 0 1288 4724; baseline 0 0"><span class='ocrx_word' id='word_1_270' title='bbox 0 0 1288 4724; x_wconf 95' lang='lat' dir='ltr'> </span> 
     </span>
    </p>
   </div>
  </div>
 </body>
</html>
