2542 4724
307 304 636 412 sceraue
690 296 863 427 §.sss
1073 268 1153 417 asi

53 530 163 603 viam
171 522 309 623 paralle
326 522 373 595 ad
385 521 545 595 docendi
555 520 791 609 methodum,
808 546 881 619 quo
895 518 1021 621 postea
1030 528 1147 601 Scho-

52 626 173 703 lastioi
189 624 246 699 uti
262 630 358 698 lunt.
410 630 523 698 Recte
532 624 714 695 nonnulli
729 627 1038 720 pronuntiarunt,
1055 629 1146 702 fou·

51 750 136 804 tem
159 730 423 825 praecipuum,
451 753 496 797 ex
523 751 599 821 quo
618 722 928 799 scholasticorum
950 730 1147 829 theologia

54 828 286 925 systematica
310 830 350 899 in
367 825 524 899 Ecclefia
544 827 767 899 occidentali
783 824 908 901 hausto
924 826 988 913 fit,
1015 833 1149 929 Augu-

52 932 195 1007 stinum
208 928 324 1001 fuille.
358 936 451 999 Late
461 929 551 998 haec
565 926 722 1000 odillerit
732 932 947 1019 LumEnr..
958 936 1099 1005 Duum
1110 934 1148 1025 *)

53 1032 180 1107 verbis
197 1032 267 1116 his,
290 1032 406 1101 latine
424 1047 571 1100 tantum
587 1030 662 1098 huo
677 1028 961 1103 transferendis:
997 1024 1149 1130 Ufitata

54 1138 134 1207 eius
156 1131 348 1203 methodus
371 1122 438 1227 est,
472 1131 670 1241 praeclara¹
697 1132 880 1226 principia
905 1156 1063 1226 ponere,
1101 1160 1149 1207 ex

55 1232 190 1331 quibus
205 1238 413 1307 imuuuerns
429 1234 525 1302 elicit
540 1224 642 1330 conse
669 1234 822 1316 uentias,
840 1232 947 1317 adeo,
964 1247 1007 1302 ut
1021 1241 1151 1308 omnia

57 1338 251 1407 doctrinae
268 1336 362 1405 illius
379 1337 504 1429 capita
522 1256 762 1427 arctiffbuam
782 1336 876 1403 inter
887 1328 932 1433 se
954 1340 1151 1409 connexio·

58 1462 146 1509 nem
167 1434 340 1507 babeant.
393 1440 439 1505 ln
460 1436 641 1531 plerisque
661 1424 842 1532 mysteriis
858 1438 984 1533 magis
999 1442 1152 1511 ratioci-

58 1552 174 1609 natus
203 1528 274 1633 est,
314 1562 429 1631 qream
459 1537 557 1607 ullus
589 1550 722 1605 auctor
753 1550 840 1605 ante
867 1536 996 1606 illum:
1026 1540 1153 1633 plures

58 1664 158 1733 quae
173 1642 306 1720 tiones,
332 1642 435 1730 prius
451 1662 525 1707 nou
541 1650 686 1721 motas,
711 1640 839 1733 agitdt
853 1636 1057 1733 lineumque
1068 1642 1152 1736 plu·

59 1764 120 1811 res
150 1740 213 1810 ola
230 1743 404 1809 acuminis
411 1733 473 1838 firi
489 1742 526 1808 vi
545 1740 701 1808 diremit.
752 1732 1043 1837 Longe-saepius
1058 1740 1152 1813 abiit

60 1838 113 1913 ab
128 1864 256 1913 eorum
268 1835 469 1937 sententia,
524 1843 559 1908 ui
578 1832 693 1938 ipsum
707 1832 994 1939 praecefforunt,
1021 1856 1064 1912 ut
1082 1867 1151 1915 no·

59 1964 155 2013 vara
168 1936 315 2043 prorsus
329 1946 429 2011 riam
447 1946 482 2010 iu
499 1968 509 2010 ι
527 1954 628 2021 teret,
644 1931 726 2037 five
742 1944 778 2010 iu
794 1944 1071 2035 Scripturarum
1087 1934 1151 2015 α’-

60 2044 275 2141 plicatione,
299 2034 375 2137 fiee
390 2047 425 2113 iu
443 2042 658 2138 theologicis
675 2038 917 2135 opinionibus.
972 2047 1079 2113 Circa
1096 2068 1153 2116 res

63 2144 293 2243 theologicas
312 2146 356 2214 de
375 2168 416 2214 eo
440 2145 510 2213 dici
523 2132 652 2237 potest,
681 2142 781 2237 epeml
798 2142 843 2211 cle
852 2136 896 2240 se
912 2136 987 2242 ipso
1005 2144 1152 2218 dicebat
1191 2194 1194 2205 ·

64 2248 192 2319 Cicero
208 2250 305 2315 circa
332 2239 610 2345 ilrilosopliiam,
638 2244 738 2337 quod
756 2240 874 2337 suerit
893 2270 1056 2343 magnus
1074 2251 1153 2341 opi·

64 2362 199 2429 nator,
226 2348 265 2417 iel
291 2273 359 2443 ed,
387 2347 487 2441 (prend
512 2346 694 2440 plurimas
718 2347 926 2438 opiniones,
960 2370 1055 2439 qrrrre
1078 2372 1154 2419 me·

64 2474 151 2519 rara
169 2446 332 2519 babeant
352 2446 673 2543 probabilitatem,
701 2447 737 2513 iu
761 2446 921 2515 medium
972 2448 1152 2521 retulerit.

64 2550 141 2623 Sed
164 2550 204 2619 id
223 2550 317 2649 jecit
332 2540 562 2647 Augustinus
584 2548 789 2618 admodum
812 2474 971 2642 nrodesb
991 2554 1043 2618 ''ac
1063 2578 1155 2645 pru·

66 2654 214 2736 denter,
241 2676 315 2722 aon
341 2676 384 2721 eu
412 2666 552 2736 uieute,
581 2663 622 2719 ut
639 2650 733 2719 alios
752 2648 802 2717 ad
819 2646 1014 2720 arbitrium
1032 2643 1161 2748 suurn,

66 2776 263 2825 coecorum
287 2756 324 2823 iu
347 2776 506 2837 marem,
530 2744 759 2849 sequendum
783 2751 962 2847 adigeret.
1016 2754 1160 2825 Contra

65 2878 176 2939 vero,
202 2878 316 2949 quum
340 2857 469 2951 agitur
493 2854 538 2923 de
554 2842 736 2949 Ecclrfiae
756 2852 945 2937 doctriua,
972 2876 1055 2923 eam
1074 2878 1160 2926 curn

67 2958 186 3029 atainei
202 2952 392 3057 firmitate
413 2958 591 3049 proponit
618 2978 663 3023 ac
690 2968 831 3036 tuetur,
859 2977 1013 3049 eantque
1036 2980 1156 3050 appu*

67 3070 232 3157 girantes
244 3056 397 3153 sortiter
417 3058 596 3126 adoritur.
651 3055 778 3123 Multo
799 3056 918 3123 minus
943 3057 1157 3141 eruditione,

68 3184 185 3253 quam
203 3161 340 3257 ingenii
358 3156 502 3226 dotibus
522 3154 684 3225 calebat.
737 3158 842 3225 Nam
866 3180 981 3249 neque
1005 3158 1159 3255 linguas

69 3256 252 3343 callebat,
280 3284 395 3351 uecpu
412 3261 592 3327 Veterum
606 3251 750 3355 scripta
775 3256 974 3326 evolverat.
1027 3260 1157 3329 Multo

65 3360 283 3457 faciliusne
306 3350 449 3457 terfiut,
477 3384 590 3452 rpeiam
611 3360 728 3452 polite
749 3372 785 3425 et
811 3359 1001 3455 eleganter
1020 3353 1158 3460 seribe-

69 3460 149 3533 bot.
203 3465 381 3555 Qumuris
405 3458 627 3529 rlutoricum
654 3450 843 3557 docmffct,
876 3474 1071 3531 oratorum
1100 3476 1157 3530 ta-

69 3588 155 3635 meu
181 3562 429 3655 elmpuutiam
458 3584 530 3630 non
555 3552 777 3655 pnffidebat,
806 3573 873 3627 aut
899 3560 1004 3630 illam
1025 3556 1158 3660 saltem

69 3660 290 3762 negligebat
297 3688 313 3741 ,·
342 3667 454 3731 irumo
477 3686 541 3731 nec
580 3687 703 3755 ‹errrpcr
724 3664 760 3729 iu
783 3653 975 3755 pluafibus
992 3658 1072 3763 suis
1098 3690 1159 3733 cu-

65 3756 228 3865 fiigatus
246 3752 295 3859 eft
304 3756 413 3858 stilus
429 3766 524 3845 eius,
549 3762 806 3856 vocabuloque
823 3766 872 3833 im
901 3768 1027 3861 ropria
1048 3779 1161 3860 atque

68 3864 237 3939 barbara
256 3866 476 3957 ‹perenuloque
493 3858 657 3961 usurpat,
683 3867 841 3961 argutiis
853 3790 997 3961 sriepiut
1010 3891 1160 3937 vocum·

67 3992 142 4065 que
157 3956 392 4063 allusionibus
408 3968 544 4035 utitur:
566 3990 622 4036 res
638 3968 785 4037 easdem
793 3956 1014 4061 frequenter
1029 3971 1161 4063 repetit

101 4202 131 4267 e)
151 4192 303 4253 ll'ottvelle
316 4194 457 4254 Bittz'orn.
476 4196 525 4252 cles
542 4196 676 4253 rluteurt
693 4188 845 4345 erclgglipst.
863 4194 913 4250 111.
938 4214 967 4269 p.
987 4200 1051 4257 256,
