2542 4724
830 60 838 97 s

391 283 427 365 G
457 304 484 357 a
511 304 548 357 r.
583 285 650 361 tx.
701 284 737 376 §.
762 276 827 359 95.
859 266 863 273 ¹
1078 290 1151 403 stit

56 474 131 553 sit?
163 473 371 576 Quomodo
389 469 582 546 Pontificii
598 468 635 543 se
650 486 782 570 gerant
796 494 883 571 erga
898 476 1052 553 Patres?
1088 482 1150 557 An

56 578 269 655 Lutberani
285 578 466 648 damnent
483 566 680 664 Patrestr)

86 742 91 751 ·
160 710 1153 811 EphcrrreridesSS.Petrum,quaeprodirecoeperunt

56 816 209 891 Fleusb.
222 814 329 886 1708.
346 810 383 882 ll.
435 806 1150 893 AuctorearumestCun.allocutus.

56 924 117 991 De
142 912 453 1011 Eplromeridibus
478 910 595 994 hisce,
629 934 788 1004 quarum
820 915 969 986 Menses
1000 934 1151 995 tantum

57 1020 207 1113 aliquot
223 1015 379 1111 priores,
397 1012 515 1082 tribus
526 1008 687 1115 'fingulis
706 1008 914 1087 constantes
931 1021 1150 1109 quaternio·

56 1120 184 1203 ribus,
211 1116 402 1213 prodiere,
430 1113 475 1183 de
498 1112 608 1183 variis
635 1112 827 1183 doctrinae
850 1114 970 1188 sacrae
992 1136 1028 1189 et
1053 1121 1148 1191 anti·

64 1220 219 1315 quitatis
245 1210 498 1288 ecclefiasrisae
523 1212 726 1308 capitibus,
753 1232 884 1287 contra
909 1216 988 1288 Gsr.
1012 1222 1152 1293 Arnol·

60 1322 175 1404 dum,
210 1320 380 1410 aliosque
409 1315 633 1385 recentiores
659 1314 768 1409 eique
799 1319 1010 1411 ὀμοψήφοὺς,
1039 1347 1059 1390 e
1083 1328 1150 1394 Pa·

58 1441 162 1493 trum
178 1416 459 1498 monumentis,
487 1415 782 1508 disputantibus,
808 1414 1040 1516 istorumque
1054 1423 1149 1508 loca,

62 1546 160 1619 quae
174 1522 232 1593 illi
256 1517 470 1589 adversariis
490 1516 695 1601 obiiciunt,
731 1519 837 1589 aliter
858 1522 1038 1616 explicata
1053 1521 1152 1594 indi·

60 1623 256 1706 cantibus,
280 1614 1150 1719 vid.vte.E.Loescnen1Unsctmtdmachrr.

60 1748 93 1795 a.
112 1724 223 1797 1708.
248 1728 330 1793 Sect
359 1725 387 1789 Ι.
415 1745 449 1813 p.
465 1716 525 1789 tt.
539 1716 602 1788 42.
622 1736 658 1787 et
675 1724 767 1790 Sect.
783 1726 844 1791 VI.
862 1747 898 1817 p.
920 1722 1148 1797 360-362.

57 1830 168 1897 Duos
191 1824 334 1919 primos
357 1821 507 1891 illarum
528 1817 676 1890 Menses
703 1819 865 1893 refutare
890 1823 1073 1922 aggressus
1100 1824 1150 1899 est

57 1928 415 2003 ornaremus,
443 1921 527 1991 loca
547 1938 584 1989 et
598 1925 751 1992 Patrum
768 1940 806 1992 et
822 1923 1044 2019 scriptorum
1063 1925 1148 1997 suo·

56 2050 144 2099 rum
159 2027 201 2097 in
217 2026 381 2095 alienum
398 2016 596 2116 saepissime
614 2018 758 2092 sensum
777 2021 821 2091 ab
838 2026 1005 2097 Auctore
1023 2027 1148 2099 detor·

58 2127 167 2223 queri
191 2122 317 2222 passim
340 2123 550 2204 inculcans,
575 2121 616 2190 in
634 2112 771 2217 lsistor.
790 2121 952 2195 theoton
971 2128 1150 2199 Batrach-

57 2244 202 2327 turtgeu
234 2222 496 2297 ntercsuribrsd.
531 2220 780 2293 Wastrsteitert.
831 2182 939 2299 rrcs'
957 2229 1065 2303 1709.
1098 2228 1150 2318 4.,

56 2354 97 2427 p.
123 2322 432 2413 636-663.**)
475 2378 479 2387 -

167 2468 266 2534 Gen.
293 2467 409 2531 Trrrr
448 2462 510 2529 Tr.
543 2459 589 2529 de
614 2449 805 2556 pstrufibus
822 2453 857 2559 s
881 2462 1154 2558 loquutionibus

57 2576 228 2637 veterum
251 2554 433 2658 Ecclrfiue
453 2564 684 2643 Doctorum,
720 2557 852 2653 quibus
877 2588 947 2658 pro
972 2564 1151 2662 siccandis

64 2660 292 2737 novitatibus
297 2656 376 2763 suis
393 2683 573 2731 romano·
582 2655 796 2759 pontficiae
809 2654 991 2763 Ecclefiae
1007 2671 1153 2743 Docto.
1215 2728 1219 2737 .

59 2790 119 2839 res
144 2764 253 2837 hodie
279 2762 527 2845 ubttrttuutur,
553 2761 707 2835 Helmt't.
728 2761 836 2837 1676.
861 2763 897 2837 ss.
930 2766 995 2837 ubl
1009 2770 1156 2846 Auctor

62 2862 248 2950 ostendit,
284 2864 504 2937 Pontificius
527 2860 633 2958 saepe
662 2862 814 2957 quidem
839 2864 887 2935 ad
909 2871 1062 2945 Petrum
1085 2878 1156 2947 Ec·

62 2964 193 3042 clesiae
212 2960 319 3039 effata
336 2987 562 3062 provocare,
590 2965 641 3033 ita
664 2982 709 3037 ut
726 2964 811 3050 illa,
835 2982 1028 3061 tamquam
1045 2998 1083 3043 ar
1112 3000 1154 3045 u-

62 3086 193 3141 menta
215 3092 287 3165 pro
313 3066 439 3162 pravis
469 3064 710 3161 dogmatibus
741 3084 852 3161 atque
878 3066 1056 3146 institutis
1081 3000 1155 3149 liris

67 3168 290 3361 adhibqpq,
319 3190 384 3241 eos
407 3184 534 3238 autem
548 3170 702 3241 Patrum
724 3165 835 3241 dictis
859 3166 1156 3272 testimoniisque

62 3270 180 3345 abuti.

164 3408 245 3477 Iam
277 3405 501 3477 enumeratis
526 3403 648 3489 libris,
675 3401 811 3501 qui’ad
833 3411 985 3478 Patrum
1006 3410 1155 3484 theolo-

62 3506 166 3605 giam
176 3507 430 3605 dogmaticam
438 3503 693 3579 illustrandam
703 3504 1042 3603 adbiberiposlunt,
1060 3538 1155 3606 quo.

62 3610 153 3681 dam
171 3607 293 3680 modo
319 3608 558 3708 adiungenda
582 3604 648 3693 est,
681 3608 735 3679 ita
758 3625 802 3679 ut
824 3610 1003 3683 ultimum
1023 3612 1154 3687 saltem

95 3864 123 3934 ')
148 3862 273 3919 tamma
299 3880 325 3915 υ.
352 3862 434 3918 osten
460 3880 490 3919 u.
510 3880 610 3919 neuen
626 3864 755 3937 theolog.
774 3864 888 3923 sacam
908 3883 935 3925 a.
955 3869 1030 3927 1729.
1048 3886 1077 3941 p-
1095 3872 1154 3927 Μ

132 3930 273 3989 Fanarctr
290 3926 399 3997 Hister.
416 3932 556 3987 Biblioth.
574 3932 626 4001 Vl,
642 3939 702 3993 454.

95 4036 137 4103 ⁰⁸)
155 4036 196 4089 so.
213 4034 363 4091 Motum
383 4032 515 4089 Cimbrio
533 4034 654 4091 literato
671 4037 709 4104 11,
726 4040 787 4096 421.

96 4142 150 4207 ou)
168 4136 328 4195 pfflrerus
344 4130 417 4206 siffi-
435 4135 577 4195 Bibliotb.
593 4138 645 4206 IV,
661 4144 721 4199 825·
745 4214 791 4266 w
