2542 4724
390 294 423 373 c
449 316 476 368 ι
501 318 534 369 ι.
566 302 632 368 rx.
685 298 720 388 a.
746 272 815 373 aa
1080 298 1163 381 soa

58 490 137 587 Epi
151 502 178 559 t.
199 487 377 559 LXXVI
390 486 442 555 ad
464 484 658 583 Magnum
683 509 720 581 p.
740 482 825 559 157.
852 486 960 562 dicit:
1001 488 1043 561 ti
1063 490 1160 565 Dies

61 587 233 663 omnibus
269 588 474 682 aequaliter
497 614 546 655 rto
566 590 660 655 citur'
691 578 780 683 etfi
804 590 872 658 Sol
888 582 1005 691 super
1031 614 1159 667 omne!

58 694 149 789 pari
163 706 201 762 et
223 690 372 785 aequasi
390 688 467 757 luce
486 688 524 757 cli
557 688 718 771 auditur,
738 690 888 781 quando
909 696 1032 791 magis
1050 692 1158 767 cliri-

49 784 136 889 stus
157 793 227 864 Sol
258 805 294 879 et
321 793 413 859 Dies
437 814 542 858 cerus
566 790 602 856 iu
625 781 784 885 Eccsefia
804 784 875 889 sua
907 792 1029 893 lumen
1051 799 1157 867 vitae

61 908 239 965 aeternae
250 893 337 985 pari
353 890 580 982 aequalitate
595 889 787 987 largitur?
813 896 979 989 ncpaulo
996 892 1156 991 postad-

63 994 141 1067 dit:
159 984 290 1085 Christi
307 992 579 1087 indulgentiam
595 1004 630 1059 ct
648 992 745 1059 coele
760 1004 833 1061 tem
848 999 1020 1091 gratiam
1036 1000 1159 1069 ornat·-

62 1092 132 1167 bns
149 1094 264 1164 diuidi
268 1084 351 1190 fine
365 1086 479 1191 scitus
496 1095 678 1161 varietate
687 1144 697 1175 ,
738 1116 796 1162 cue
821 1120 1004 1167 annorum
1029 1094 1154 1199 discri-

61 1199 180 1279 mine,
201 1184 285 1294 fine
308 1196 520 1287 acceptione
544 1186 739 1291 personae,
771 1187 887 1292 stan
910 1220 1057 1270 omnem
1077 1202 1156 1273 Det

60 1296 243 1395 populum
271 1288 479 1394 spiritualis
507 1298 659 1390 gratiae
687 1318 821 1365 rutenus
847 1296 1013 1393 infundi,
1056 1326 1157 1397 quaa

62 1414 101 1469 et
118 1398 190 1469 alia
216 1396 296 1467 eius
315 1386 421 1467 effata
446 1394 531 1465 satis
550 1394 756 1477 declarant,
784 1399 950 1471 Gratiam
971 1402 1044 1473 Dei
1067 1426 1154 1475 non

58 1498 344 1595 particularem,
375 1494 776 1567 seduniversalemesse.
806 1498 921 1594 Apud
936 1506 1156 1579 Bastarnas

59 1598 204 1673 Hamis.
215 1591 396 1699 inPsaIm.
410 1598 601 1668 XXVIII.
626 1596 732 1666 Tum.
746 1602 778 1667 I.
792 1602 899 1695 Oper.
909 1628 946 1697 p.
959 1602 1042 1675 164.
1060 1604 1153 1679 haee

58 1702 260 1801 leguntur:
294 1706 336 1765 Τι’
358 1702 410 1767 οὐν
431 1702 544 1789 φησιν,
584 1696 632 1769 ὅτι
656 1697 676 1768 ὅ
695 1701 753 1789 μὲν
774 1704 866 1769 etta
889 1706 907 1773 ti
929 1705 1025 1789 Θεὸς,
1050 1706 1154 1778 τοῦτο’

56 1804 147 1887 ἐστι,
172 1802 294 1876 πάντας
307 1804 451 1893 μετέχειν
475 1801 573 1871 tarot
596 1806 653 1889 τῆς
674 1802 768 1891 ζωιις.
800 1805 901 1905 Quid
923 1830 1014 1903 ergo
1032 1806 1154 1878 dicit?

57 1902 164 1999 quod
187 1900 258 1973 stoc
278 1902 359 1973 vast
384 1904 506 1985 Deus,
541 1900 610 1970 stoc
632 1892 699 1993 est,
742 1917 785 1971 ut
808 1928 934 1977 omues
954 1912 1029 1978 cius
1048 1908 1158 1981 citae

56 2008 259 2103 participes
265 1994 355 2097 fiut.
409 2006 697 2074 Isrnaoxrmtrs
718 2004 921 2076 Commeat.
948 2010 985 2077 in
1002 2014 1072 2105 Ep.
1097 2010 1151 2081 ad

56 2106 234 2205 EphesI.
248 2108 352 2175 Tom.
362 2108 436 2173 IV.
449 2102 556 2197 Oper.
572 2128 610 2197 p.
621 2104 707 2175 331.
735 2110 836 2176 Dens
848 2106 928 2176 eust
938 2133 993 2191 co,
1004 2110 1151 2207 inquit,

58 2230 312 2303 qaaecumque
331 2200 422 2305 sura
443 2206 555 2299 plena
579 2208 733 2275 rationis
758 2221 871 2299 atque
885 2201 1043 2305 corfisii:
1065 2214 1161 2285 vult·

48 2304 199 2413 salvari
215 2330 339 2377 outuea
357 2302 393 2376 et
418 2310 453 2374 iu
477 2308 706 2403 agnitionem
722 2311 889 2377 veritatis
904 2313 1036 2383 venire.
1075 2310 1161 2387 Set!

58 2410 286 2509 quianullus
306 2404 443 2501 absque
466 2408 620 2501 propria
636 2408 830 2477 uoluntate
839 2403 1030 2507 sustentur,
1067 2414 1155 2487 sister*

58 2518 159 2585 euim
172 2508 316 2583 arbitrii
320 2502 462 2609 struma,
488 2509 581 2591 ertit,
610 2530 676 2576 rios
693 2508 828 2579 botrum
845 2513 948 2593 celle,
976 2526 1017 2582 ut
1034 2540 1150 2611 quiem

56 2616 302 2697 coluerimus,
328 2610 468 2681 velicat
491 2606 594 2681 itastis
612 2606 738 2709 etipse
752 2604 865 2711 suum
889 2614 1040 2709 irrepsere
1064 2644 1152 2690 cou-

46 2708 177 2817 fisium
192 2714 243 2807 ¹⁵).

160 2822 205 2889 V.
246 2815 577 2913 Quemadmodum
610 2814 749 2914 dogma
776 2816 822 2888 de
844 2818 1047 2907 Trinitate,
1082 2822 1160 2899 ubi·

57 2920 158 2995 illud
175 2918 380 3015 generatim
398 2916 691 3001 consideramus,
719 2918 763 2989 ab
783 2916 961 2991 Ecclesiae
978 2922 1150 2999 Patribus
1189 2950 1210 2969 ··

58 3022 321 3095 conservatum
346 3044 387 3091 ac
409 3038 661 3116 propagatum
679 3016 746 3105 est,
771 3019 824 3090 ita
847 3020 1035 3125 speciatim
1053 3049 1150 3120 quo-

58 3150 133 3221 que
152 3118 299 3221 professi
316 3120 373 3191 illi
390 3122 476 3191 sunt
491 3123 740 3190 Divinitatem
757 3114 896 3217 Christi.
948 3128 1007 3193 Ex
1022 3129 1149 3197 moni-

56 3226 197 3299 mentis
233 3248 365 3295 eorum
397 3222 593 3305 videmus,
628 3221 716 3292 illos
749 3220 925 3293 admisisse
954 3224 1151 3321 πριὺιιαρξιι

57 3324 212 3411 Christi,
245 3328 306 3397 rod
333 3324 439 3414 Adqou
467 3340 552 3393 ante
573 3323 734 3392 Mariam
766 3340 801 3392 ct
826 3348 892 3418 per
919 3326 1148 3423 consequens

56 3452 147 3501 eum
162 3450 243 3497 non
265 3424 426 3497 habuisse
445 3448 514 3519 pro
533 3424 639 3493 nndo
659 3424 834 3495 hominet
862 3426 974 3497 etiam
991 3429 1148 3507 illorum

54 3530 279 3603 sententiam
297 3526 464 3608 reiecisse,
492 3526 701 3619 quiverum
712 3526 958 3597 Personarum
979 3528 1017 3599 in
1037 3530 1148 3604 essen.

53 3632 109 3705 tia
139 3630 264 3701 divina
290 3628 484 3697 discrimen
516 3627 668 3695 tollunt.
732 3634 852 3721 Quam
875 3630 915 3697 in
939 3654 1017 3700 rem
1043 3658 1146 3726 prae-

53 3734 155 3807 clara
177 3728 386 3819 testimonia
410 3728 588 3823 praebent
608 3728 722 3799 nobis
743 3736 979 3816 'stamnum
1005 3728 1147 3805 Arue-

50 3856 269 3919 naoonas,
298 3838 577 3902 't'rmorurras
601 3828 798 3915 Artiaca,
824 3836 1056 3919 lanuinus,
1079 3840 1146 3907 Iu·

47 4004 288 4023 w·

85 4090 183 4215 0>le
212 4088 414 4215 s'*.¹'⁵'fi'¹¹·¹¹“¹“
431 4116 439 4130 ·
457 4086 581 4141 causus
606 4082 844 4155 Dogmeugescu.
872 4088 895 4155 s.
912 4092 957 4143 55.
988 4108 1015 4146 ν.
1044 4090 1146 4151 Cdnux

137 4196 144 4209 .
174 4174 264 4229 ,Μ
300 4198 307 4211 .
