2542 4724
401 220 436 356 ὸ
464 303 489 352 t
518 264 572 352 ι’.
590 286 668 355 vn.
717 281 750 371 §.
778 278 840 356 67.
1073 268 1183 401 Ι393Ι
1210 236 1216 243 -

77 494 225 547 numus
250 474 320 566 up.
337 468 397 544 83.
425 468 595 541 Patribus
619 466 798 542 Ecclestte
821 470 926 565 plus,
963 462 1076 567 qus'm
1101 495 1168 566 por

75 572 148 663 est,
175 572 318 645 tribuit.
373 575 552 643 Recenlet
572 572 758 667 plurimos
787 572 876 645 illos
901 577 1089 644 Doctores
1114 590 1168 643 at·
1245 658 1248 665 ι

77 698 155 771 que
171 672 297 749 addit:
323 679 368 744 ln
388 670 516 767 quibus
532 667 678 774 nescius,
706 672 794 768 quid
807 676 971 769 primum
985 674 1167 747 admirari

77 774 231 861 debeas,
257 774 498 845 eruditionem
503 767 638 874 seculi,
664 788 730 845 aut
743 768 940 875 seientiam
956 762 1169 871 Scriptrfit·

76 876 193 949 ntra?
243 882 345 973 Quae
367 874 478 945 verba
506 898 625 969 quum
649 880 718 947 Gn.
745 882 950 949 Ctttxrus
971 878 1163 972 Apparet.
1208 938 1214 949 ,
1262 966 1265 971 Ι

78 970 193 1051 theol.
218 1003 256 1074 p·
278 975 335 1051 35.
353 974 528 1059 adduxit,
555 975 602 1047 ud
623 972 839 1047 illustranda
855 979 919 1048 illa
937 978 1168 1073 animadver-

76 1080 147 1153 titt
181 1082 234 1151 Et
246 1073 342 1178 sane
361 1074 479 1147 verbis
501 1070 725 1176 Hieronymi
738 1070 856 1174 fidem
874 1078 1044 1175 faciunt,
1072 1102 1169 1174 quae

79 1180 370 1276 ernustispouca
385 1171 839 1278 stodiesupersuntIustini,
864 1182 1026 1265 Tatiani,
1049 1178 1167 1251 Theo·

77 1280 369 1379 philiAntioct,
396 1280 723 1363 ClementisAleae„
749 1276 904 1381 Eusebii,
935 1282 1167 1364 Tertulliani,

76 1380 240 1457 Amabit·
255 1395 292 1452 et
336 1383 479 1465 surium,
507 1384 569 1475 qui
605 1390 731 1451 'raeter
749 1380 838 1469 alia,
856 1407 951 1477 quoe
967 1384 1169 1481 multiiuga

79 1484 285 1557 eruditione
309 1480 454 1568 ulrnixi,
479 1408 692 1581 praestitere
700 1536 710 1568 ,
739 1508 785 1553 ex
800 1482 1046 1581 Scriptoribus
1064 1498 1099 1555 et
1115 1484 1171 1554 ti·

66 1576 195 1683 floria
208 1586 405 1683 gentilium
420 1610 502 1655 cum
519 1588 780 1681 antiquitatem
795 1599 833 1654 et
845 1586 1098 1656 certitudinem
1113 1608 1172 1654 re.

79 1688 233 1787 ligionis
264 1685 514 1771 orthodoxae,
550 1702 631 1757 min
659 1690 865 1757 nouitatem
889 1692 1168 1781 vanitatemque

77 1785 250 1861 ethnicae
267 1811 286 1858 e
303 1790 488 1858 communi
505 1786 672 1858 munibus
695 1790 850 1857 rationis
875 1790 952 1858 luce
971 1812 1172 1887 argumen-

77 1892 131 1961 tis
143 1881 299 1989 subinde
320 1890 454 1975 ductis,
481 1903 517 1959 et
532 1914 627 1983 quae
642 1892 677 1959 iu
704 1893 929 1959 eontrarium
952 1880 1080 1989 afferri
1099 1912 1171 1985 po·

79 2004 228 2077 terant,
256 1990 449 2088 resistatis,
478 2014 551 2060 nou
581 1994 700 2060 vuinus
733 1985 878 2093 diserte,
906 2016 1020 2084 qteam
1052 1990 1170 2076 docte,

78 2082 328 2189 ostenderunt.
388 2098 443 2162 Ita
475 2092 533 2162 his
562 2090 669 2162 dictis
701 2116 783 2161 non
811 2092 964 2163 obscure
989 2089 1172 2188 significa·

80 2192 159 2281 vit,
185 2192 221 2266 se
236 2188 305 2267 esse
322 2218 474 2289 quoque
488 2193 705 2279 interillos,
734 2191 798 2286 qui
815 2199 939 2263 Patres
958 2192 1101 2263 ordinis
1119 2191 1171 2263 sa·

81 2292 141 2367 cri
164 2292 287 2367 nimio
319 2293 466 2366 honore
492 2290 667 2365 alliciunt.
731 2294 877 2363 Patebit
899 2292 940 2363 id
974 2292 1171 2387 praecipue

81 2420 135 2467 ex
148 2396 431 2482 certaminibus,
460 2396 594 2491 quibus
612 2396 798 2465 Calixtum
818 2395 929 2465 etiam
949 2394 994 2463 de
1011 2393 1172 2465 auctori·

79 2512 162 2569 tate
177 2502 331 2569 Petrum
349 2494 566 2593 disceptasse,
594 2492 748 2581 constat,
777 2496 1098 2594 quemadmodum
1113 2496 1171 2565 in·

79 2596 144 2671 fro
163 2595 463 2672 monstrabimus.

185 2698 227 2791 4)
251 2706 355 2797 Quae
377 2701 417 2771 in
440 2701 583 2795 scriptis
600 2706 754 2772 Petrum
774 2700 855 2771 iure
875 2699 1095 2797 reprehendi
1120 2714 1173 2769 at·

83 2826 162 2901 que
177 2801 366 2873 emendari
380 2801 549 2898 possunt,
578 2828 618 2873 ea
634 2804 727 2873 varii
743 2802 894 2897 quidem
912 2802 1055 2899 gesseris
1074 2800 1172 2884 sunt,

84 2903 290 2975 commode
305 2920 428 2973 tamen
441 2904 481 2973 in
491 2923 564 2977 tres
576 2902 707 2975 Classes
719 2903 836 2974 dividi
851 2902 1014 2999 possunt.
1048 2902 1173 2974 Prima

84 3004 277 3099 pertinent
295 3006 341 3075 od
357 3009 559 3103 Dogmata
574 3001 708 3105 sacra,
738 3028 830 3101 quae
846 3007 906 3075 vel
922 3005 1048 3075 minus
1063 3019 1173 3086 reete,

84 3108 150 3177 vel
179 3130 261 3177 non
291 3105 376 3176 satis
404 3126 571 3178 accurate
605 3107 738 3176 tradita
761 3106 865 3189 sunt,
900 3106 1016 3199 inque
1040 3128 1173 3175 eorum

85 3206 233 3305 scriptis
258 3206 347 3278 salsa
373 3209 531 3277 omnino
556 3226 666 3300 atque
684 3230 707 3276 a
725 3208 882 3277 veritate
905 3208 1024 3276 aliena
1039 3205 1176 3277 haben·

86 3324 172 3395 tur,
207 3308 525 3403 quemadmodum
541 3308 638 3378 infra
655 3306 954 3379 monstrabimus.
1008 3307 1177 3378 Secunda

84 3405 268 3521 praebent
286 3410 320 3480 se
339 3410 378 3478 in
392 3410 597 3494 Metlrodo,
623 3408 696 3480 five
713 3410 832 3479 modo
851 3408 1110 3503 proponendi,
1135 3407 1179 3479 in

86 3530 168 3603 quo
185 3510 413 3607 negligentes
433 3512 606 3595 suerunt,
633 3534 703 3581 nec
717 3510 757 3579 id
774 3530 961 3593 curarunt,
989 3529 1032 3581 ut
1051 3508 1178 3580 ordini

85 3611 252 3683 naturali
276 3609 482 3683 studerent:
516 3638 574 3685 res
600 3612 839 3695 enarrandos,
869 3613 961 3707 quid
984 3613 1069 3683 illae
1093 3609 1177 3695 sint,

88 3712 220 3785 sedulo
233 3712 428 3784 delinirent
441 3732 552 3808 utque
562 3714 798 3807 explicarent,
815 3714 1049 3809 probotionis
1063 3710 1181 3783 caussa

88 3812 235 3907 semper
251 3836 482 3909 argumenta,
512 3813 635 3885 debita
654 3817 839 3909 probandi
854 3816 893 3885 vi
909 3815 1090 3911 praedita,
1117 3814 1182 3883 ad-

88 3914 252 4001 ferrent,
280 3920 425 4011 regulns
449 3935 546 3987 recte
563 3916 812 3986 ratiocinandi
834 3917 1031 4013 diligenter
1051 3914 1182 4009 seque·

88 4032 241 4098 rentur,
267 4019 511 4089 arationibus
537 4018 711 4088 oratoriis
729 4015 967 4100 abstinerent,
997 4016 1181 4085 contrariu

88 4116 310 4213 diversaque
337 4117 504 4192 distincte
526 4137 800 4215 proponerent,
836 4144 931 4214 quae
959 4118 1087 4189 omniu
1116 4142 1180 4187 ne-
