2542 4724
126 245 203 339 era
338 308 353 329 ,,
439 209 913 347 cananiam.
993 182 1000 189 ’

97 480 100 485 ·
126 435 256 533 spicue
272 430 450 507 tradenda
468 448 505 505 et
520 429 569 503 ad
585 430 700 503 fidem
718 448 831 525 atque
847 453 1016 503 amorem
1033 430 1223 527 applican-

131 539 179 609 da
196 533 256 609 est.
308 543 356 607 In
376 534 446 606 hac
463 534 679 604 narratione
702 529 928 603 instituenda
947 533 1035 603 vult
1051 528 1225 631 Auguffi·

130 663 217 722 nus,
237 655 283 707 ut
299 636 442 731 semper
460 634 607 705 animus
626 634 672 703 ad
689 633 758 706 tria
774 632 1223 705 momenta'advertaturt

131 739 181 811 ad
202 731 299 837 ipsas
321 762 396 820 rer,
431 760 524 829 quae
550 761 595 807 ex
620 733 707 805 solis
730 734 939 826 scripturae
964 738 998 804 S.
1024 734 1135 806 libris
1158 732 1224 805 sint

131 837 426 934 proponendae,
465 837 517 905 ita
540 852 583 905 ut
612 831 919 929 aprimofMosrs
939 834 1040 905 libro
1072 836 1224 908 initium

131 940 199 1019 fiat
220 964 262 1011 ao
276 965 342 1033 per
357 936 474 1012 libros
494 954 636 1007 ceteros
652 936 819 1030 primum
833 935 994 1019 Veteris,
1025 934 1165 1007 deinde
1179 942 1222 1006 N.

134 1046 179 1111 T.
199 1038 415 1132 suscipiatur
439 1033 640 1133 progressio
668 1062 709 1108 ac
732 1061 826 1131 quae
844 1036 951 1105 omni
968 1052 1144 1130 tempore
1161 1042 1224 1108 Ec·

133 1137 263 1213 clefiae
291 1137 364 1211 sint
393 1139 574 1239 revelata,
609 1133 780 1210 historice
807 1136 1087 1220 recenseantur3
1120 1128 1224 1209 Ca‘te·

70 1232 81 1325 ¹,
133 1237 309 1313 chomani
333 1257 458 1311 autem
484 1238 626 1332 semper
644 1239 690 1308 ad
708 1234 891 1309 Christum
912 1238 953 1307 in
974 1236 1167 1332 Scriptura
1181 1244 1220 1311 V.

134 1346 179 1415 Τ.
207 1339 446 1435 promissum,
477 1339 581 1409 Novi
604 1339 813 1413 exhibitum
842 1337 1046 1409 ducantur:
1085 1338 1133 1409 ad
1144 1332 1222 1439 sco·

22 1506 26 1519 ,
131 1467 243 1541 pum,
279 1442 347 1535 qui
369 1442 411 1511 in
436 1438 609 1511 catechesi
632 1440 664 1511 is
690 1438 757 1511 esse
782 1438 931 1522 debeat,
956 1439 1065 1510 utin
1093 1440 1220 1512 animia

133 1543 499 1613 Catechumenorum
515 1564 600 1611 cum
617 1540 709 1611 fides
724 1541 766 1610 in
782 1539 902 1612 Iesum
919 1535 1117 1627 Christum,
1145 1559 1222 1639 tum

131 1666 242 1715 amor
267 1648 502 1738 ergaDeum
529 1659 639 1736 atque
663 1641 757 1717 alios
783 1641 973 1713 excitetur.
1035 1647 1161 1737 Quam
1184 1642 1222 1712 in

33 1734 43 1749 ⁶
95 1740 99 1745 ’
132 1768 212 1814 rem
235 1742 275 1813 in
294 1739 358 1815 ista
380 1743 594 1816 narratione
619 1743 762 1840 semper
781 1743 822 1815 id
840 1742 1027 1842 agendum
1046 1740 1117 1815 esse
1144 1766 1222 1815 mo·

50 1846 56 1857 '
130 1860 216 1927 net,
249 1860 292 1915 nt
315 1843 432 1916 solide
450 1847 732 1919 Cateohumenis
753 1844 945 1943 singularis
963 1845 1036 1917 Dei
1055 1868 1144 1942 erga
1158 1844 1221 1917 ho·

131 1942 253 2016 mines
277 1969 384 2017 amor
409 1948 716 2034 commendetur,
750 1949 888 2043 quippe
913 1945 980 2041 qui·
999 1945 1041 2015 in
1059 1943 1222 2040 ’promis-

130 2040 235 2117 sione
259 2064 371 2140 atque
392 2046 473 2142 ipso
496 2049 660 2119 adventu
684 2048 765 2121 Iesu
788 2043 917 2120 Christi
939 2042 1094 2117 illustris
1118 2044 1163 2118 fit
1184 2068 1221 2117 ac

133 2145 371 2240 conspicuus,
399 2149 541 2219 eumin
560 2150 687 2236 finem,
715 2168 759 2219 ut
778 2147 1044 2221 Catechumeni
1060 2146 1219 2229 videant,

133 2243 379 2416 {rarissimam
406 2251 564 2320 omnino
592 2248 658 2322 esse
683 2249 859 2334 caussam,
887 2274 955 2343 cur
976 2246 1086 2321 Deus
1110 2245 1220 2320 amari

161 2348 284 2420 ebeat:
318 2348 365 2421 ad
388 2352 644 2445 prudentiam,
682 2378 777 2447 qnae
808 2378 893 2423 cum
917 2352 958 2421 in
986 2348 1216 2445 explorando

133 2449 399 2522 catechumeni
427 2452 553 2522 animo
583 2470 693 2547 atque
717 2452 929 2551 indaganda
954 2452 1126 2537 ratione,
1161 2476 1219 2523 cut

132 2547 365 2625 christianam
392 2554 613 2649 religionem
636 2555 728 2627 velit
754 2553 943 2647 amplecti,
973 2569 1059 2624 tum
1082 2552 1126 2624 in
1149 2550 1218 2647 ipsa

129 2652 347 2723 narratione
364 2650 408 2724 fit
429 2654 648 2739 adhibenda,
677 2680 721 2727 eo
738 2656 869 2738 modo,
896 2672 939 2723 ut
957 2653 1123 2731 suavitas
1140 2677 1219 2725 cum

37 2752 69 2815 C
133 2752 378 2849 gravitatetet
403 2755 571 2849 pondere
595 2756 776 2835 sermonis
801 2755 1057 2852 coniungatur
1078 2772 1114 2827 et
1133 2776 1219 2851 quae
1257 2792 1260 2797 ·

75 2876 78 2883 ·
131 2878 212 2923 non
236 2850 450 2940 necessaria,
495 2874 561 2927 aut
587 2852 793 2929 difficiliora
817 2855 905 2938 sint,
945 2876 1218 2929 removeantur.

129 2958 174 3025 In
199 2954 361 3029 secundo
392 2957 510 3052 capite
538 2958 674 3052 prioris
701 2958 817 3053 partis
849 2958 975 3054 agitur
1005 2957 1053 3029 de
1085 2957 1218 3054 praeci·

130 3054 266 3150 pientio
289 3070 326 3126 et
341 3056 582 3129 cohortando
635 3065 774 3130 Monet
796 3063 1099 3145 attonsum,
1127 3055 1217 3131 insti·

60 3180 68 3188 ·
128 3173 233 3226 tutae
256 3159 472 3229 narrationi.
490 3159 699 3231 addendam
730 3158 796 3231 esse
820 3159 1148 3245 cohortationem,
1179 3174 1217 3228 ut

131 3259 427 3332 Catechumenus
459 3260 631 3332 adversus
662 3261 851 3344 scandala,
877 3259 951 3332 five
975 3258 1051 3331 stat
1076 3279 1217 3333 externa

128 3355 202 3431 five
226 3358 392 3445 interna,
434 3363 734 3455 praemuniatur,
771 3386 842 3457 qua
870 3361 910 3431 in
935 3387 975 3432 re
1001 3378 1218 3459 argumenta

128 3461 326 3554 praecipue
358 3462 536 3556 capienda
561 3461 631 3533 smt
657 3488 677 3533 a
702 3465 858 3534 veritate
884 3462 929 3533 de
951 3461 1218 3545 resurrectione

127 3576 384 3645 mortuorum,
409 3563 452 3633 de
470 3564 610 3636 iudicio
629 3583 795 3636 extremo
815 3564 932 3657 deque
949 3565 1029 3634 rita
1049 3583 1087 3634 et
1103 3580 1217 3635 morte

60 3736 64 3745 ,
98 3678 286 3731 aeterna.
340 3668 440 3735 Inter
456 3665 525 3735 alia
542 3683 638 3736 recte
658 3690 811 3760 quoqne
829 3664 1020 3747 observat,
1051 3665 1216 3735 Catechc·

127 3778 206 3833 tam
228 3762 405 3857 respicere
432 3766 563 3837 debere
587 3766 634 3837 ad
659 3764 903 3838 diversitatem
923 3766 1217 3837 Catachumeno·

125 3887 233 3949 rum,
262 3864 445 3958 quoniam
463 3891 550 3938 cnm
567 3867 608 3938 in
624 3869 859 3951 narratione,
888 3885 971 3936 tum
988 3867 1030 3936 in
1050 3869 1216 3939 cohorte·

126 3960 233 4035 tione
252 3966 358 4034 aliter
377 3991 463 4036 cum
483 3966 626 4055 doctis,
655 3969 762 4040 aliter
779 3994 865 4041 cum
880 3968 967 4051 iltis,
997 3968 1066 4061 qui
1083 3969 1215 4039 littera·

125 4085 211 4135 rum
237 4064 309 4149 sint
331 4072 656 4167 expertca,'agere
681 4071 816 4145 deccat.
870 4069 1047 4144 Tertium
1063 4068 1215 4165 denique
