2542 4724
106 242 184 351 §34
355 292 362 335 ·.
434 240 587 327 crs.
623 244 689 320 x1.
743 243 778 337 §.
807 243 901 323 tta·

565 535 604 624 §·
657 529 744 608 113.

117 800 120 805 .
211 730 471 817 Ostendimus
494 731 642 832 igitur,
663 735 803 809 Patres
832 728 1121 818 eeclesiasticos
1147 742 1206 819 iu·

14 898 18 911 .
106 840 258 919 servire
280 837 399 914 nobis
426 834 478 910 ad
499 833 749 934 theologiam
772 832 1048 934 symbolicam,
1079 867 1204 941 quum

106 942 335 1040 antiquiora
349 936 541 1036 Symbola
550 951 780 1011 memorant
792 952 908 1033 atque
928 938 979 1014 ad
994 940 1203 1021 historiam

104 1024 274 1123 illorum
295 1041 432 1114 lucem
452 1032 700 1137 praeferunt.
754 1040 854 1113 Non
874 1035 956 1139 sola
971 1056 1111 1119 tamen
1127 1047 1201 1120 uti·

104 1143 196 1235 litas
220 1143 321 1241 haec
347 1139 395 1214 ab
416 1137 500 1214 istls
526 1134 788 1237 exspectanda
808 1137 874 1215 est.
926 1146 1065 1221 Patres
1083 1145 1201 1223 hiin·

103 1256 377 1345 terpretantur
404 1241 526 1313 etiam
544 1237 651 1314 dicta
670 1237 876 1338 Symbola,
903 1245 1083 1319 maxime
1107 1272 1198 1348 apo-

102 1344 291 1422 stolicum
320 1357 440 1438 atque
469 1341 525 1414 ita
557 1338 675 1413 ulum
725 1365 890 1439 quoque
925 1340 1198 1443 dogmaticum

103 1445 282 1544 quodam
324 1439 450 1517 modo
488 1440 693 1540 praebent.
749 1442 903 1542 Scripta
940 1444 1042 1521 haec
1090 1474 1196 1524 nuno

101 1547 393 1622 enarrabimus.
445 1542 632 1638 Plerique
658 1540 708 1615 ad
730 1541 776 1617 id
793 1544 1055 1621 contulenmt
1074 1548 1130 1639 se,
1152 1564 1195 1624 ut

86 1650 323 1750 *Symbolum
357 1639 601 1744 apostolicum
630 1641 887 1719 recenserent
912 1662 1032 1746 atque
1049 1651 1193 1755 expla-

100 1763 259 1839 narent,
275 1749 320 1823 in
336 1746 482 1848 quibus
498 1745 637 1820 locum
654 1742 728 1820 fibi
743 1741 859 1820 fecit:

201 1956 417 2042 Bantius,
441 1954 509 2051 qui
532 1952 632 2026 inter
647 1957 798 2027 Veteres
824 1952 997 2051 princeps
1015 1953 1067 2030 est
1081 1955 1192 2033 inter·

94 2078 192 2155 pres.
246 2055 396 2152 Scripfit
417 2047 698 2154 Expofitionem
722 2058 759 2127 in
786 2052 1012 2154 Symbolum
1026 2051 1195 2159 Aposto··

99 2160 241 2245 lanian,
285 2182 380 2256 quae
414 2159 628 2239 conservata
664 2173 702 2227 et
732 2155 779 2227 ad
811 2181 885 2229 nos
919 2161 1102 2235 translata
1132 2157 1189 2235 est.

96 2264 189 2335 Non
213 2259 359 2358 primus
384 2276 511 2331 tamen
535 2256 629 2342 fuit,
648 2258 713 2353 qui
729 2257 955 2350 Symbolum
971 2260 1050 2334 hoo
1068 2264 1189 2361 expla-

98 2379 230 2446 naret,
256 2362 297 2432 id
322 2362 428 2457 quod
451 2359 529 2456 ipse
544 2359 702 2444 indicat,
724 2361 877 2454 quando
894 2384 975 2432 non
992 2354 1132 2458 procul
1146 2363 1188 2437 ab

94 2462 209 2534 initio
234 2468 345 2559 Eupo
362 2464 486 2532 ationis
510 2462 619 2534 dicit:
645 2466 698 2530 Et
722 2463 870 2556 quidem
893 2468 1070 2558 comperi,
1100 2490 1189 2538 non·

94 2565 219 2635 nullos
253 2567 316 2636 illu
333 2560 446 2633 tririm
480 2575 732 2632 tractatorum
762 2564 890 2659 aliqua
922 2565 968 2634 de
992 2564 1049 2636 in‘s
1071 2570 1134 2663 pie
1154 2579 1188 2638 et

94 2660 255 2737 breviter
289 2657 452 2764 edidiffe3
486 2663 689 2734 Pherinum
717 2688 806 2735 vero
847 2663 1079 2739 haereticum
1113 2664 1187 2769 [cio

92 2781 247 2840 eatenus
273 2753 524 2865 conscripfiffe,
551 2789 626 2835 non
649 2779 692 2834 ut
714 2769 899 2837 rationem
918 2767 1108 2842 dictorum
1124 2796 1187 2842 an·

92 2867 276 2939 aientibus
310 2866 543 2962 explanaret,
571 2861 635 2962 sed
659 2881 701 2936 ut
727 2859 940 2962 fimpliciter
965 2883 1003 2939 et
1014 2866 1186 2967 fideliter

92 2970 196 3039 dicta
215 2970 265 3038 acl
282 2982 547 3066 argumentum
555 2961 618 3068 sui
644 2969 836 3066 dogmatis
853 2969 1027 3042 traheret.
1083 2981 1186 3048 Patet

91 3095 138 3142 ex
160 3070 285 3142 verbis
309 3071 382 3155 his,
408 3070 618 3141 Photinum
640 3069 866 3161 Symbolum
886 3072 961 3142 hoc
979 3076 1183 3170 explioalle,

88 3196 131 3243 ea
155 3173 315 3257 ratione,
340 3189 385 3241 ut
407 3169 554 3242 sensum
570 3190 797 3267 perverteret
822 3189 934 3267 atque
950 3174 998 3244 ad
1017 3201 1182 3253 errorem

88 3271 199 3344 suum
233 3276 404 3345 traheret.
457 3273 583 3368 Ipsum
618 3272 802 3346 Rufinum
826 3299 959 3345 verum
988 3297 1182 3355 auctorem

85 3366 342 3469 Eaepofitionis
364 3373 477 3445 huius
495 3372 572 3460 elle,
593 3376 639 3448 de
656 3399 700 3445 eo
718 3399 822 3446 nuno
839 3374 979 3446 eruditi
993 3379 1076 3451 viri
1093 3406 1182 3455 con·

84 3473 253 3546 sentiunt
276 3494 387 3569 atque
416 3473 629 3563 ostendunt,
656 3477 761 3549 illam
786 3502 807 3549 a
831 3478 1031 3551 nonnullis
1047 3483 1180 3555 Hiero·

81 3597 218 3667 nyma,
242 3579 302 3648 vel
320 3576 509 3673 Cypriano
537 3575 631 3648 falso
650 3578 871 3651 attributam
889 3596 1003 3672 atque
1024 3582 1179 3657 illorum

87 3673 268 3772 Operibus
303 3676 521 3751 adiunctam
553 3676 670 3752 fuille.
722 3685 874 3751 Locum
905 3678 1016 3752 suum
1042 3682 1180 3758 iustum

81 3778 254 3852 obtinuit
276 3780 316 3850 in
339 3786 498 3853 Rurnsr
528 3782 720 3877 Operibus,
747 3806 841 3877 quae
860 3781 984 3853 lucem
1001 3786 1177 3860 viderunt

80 3881 206 3977 Lugd.
227 3879 336 3954 1570.
370 3889 450 3953 Par.
473 3880 582 3959 1580.
623 3886 847 3978 Priusquam
864 3882 1030 3959 Rufinus
1049 3913 1177 3985 aggre-

82 3980 185 4052 ditur
208 3983 256 4052 ad
279 3984 569 4078 explicationem
591 3988 729 4083 ipsam,
755 3984 808 4067 id,
837 3986 943 4079 quod
962 3987 1008 4058 de
1029 3991 1174 4090 origine

78 4082 255 4177 symboli
291 4082 485 4179 apostolici
514 4087 660 4181 sentin,
687 4083 856 4185 exponit.
910 4092 1172 4189 Compulitum
