2542 4724
128 261 177 333 12
443 256 600 333 cre.
628 260 657 330 Ι.
710 257 866 346 ΜΒ.

126 448 342 545 adquirere,
370 464 438 519 aut
454 470 590 545 angere
604 448 764 534 volunt,
796 449 826 523 ii
843 451 988 545 optime
1005 448 1072 522 fibi
1089 454 1227 525 consu·
1248 532 1262 547 ἡ

125 553 230 633 lunt,¹
251 549 407 642 quando
427 550 792 637 evolvuntJo.A1.s.
804 556 1006 625 Fasnrcn
1022 572 1226 651 utramque

123 650 398 725 Bibliothecam
423 667 460 722 et
479 675 683 748 graecam,
710 671 748 723 et
765 654 947 738 latinam,
961 654 1119 726 et-illam
1138 658 1224 751 qui··
1252 656 1262 683 '⁴

127 753 214 824 dem
231 776 308 825 cur.
330 751 589 847 upa-cuph.
616 744 788 852 Harltfii.
823 753 964 847 Hamb.
979 746 1057 829 '790
1078 757 1225 831 ἡ41011.
1248 742 1262 786 ³²

125 858 208 924 XII.
242 853 278 926 li.
321 854 486 939 editam,
527 853 625 927 hanc
664 879 777 943 vero,
819 858 966 927 mediae
1003 871 1042 927 et
1073 843 1262 957 infimaefi

127 958 265 1026 aetatis
300 979 321 1025 a
350 960 412 1028 Io.
444 958 600 1026 Domin.
633 948 761 1056 Mansr
799 975 1026 1043 correctam,
1065 952 1262 1040 illustra-3

125 1075 216 1144 tam,
249 1068 398 1129 auctam
422 1074 461 1129 et
471 1055 550 1129 luci
572 1054 789 1153 expolitam,
813 1064 940 1133 Patav.
964 1056 1086 1134 1754..
1103 1066 1164 1133 vt
1183 1058 1223 1135 4.
1256 1056 1262 1097 ²

126 1160 249 1255 (quae
279 1157 471 1231 Fabricius
499 1158 543 1229 in
567 1159 802 1232 Bibliotheca
833 1162 953 1232 latina
987 1160 1032 1233 dc
1055 1161 1224 1258 Scripto-

124 1260 230 1335 ribus
253 1256 498 1363 eoolefiasticis
522 1259 636 1331 habet
659 1286 778 1355 pauca
804 1262 891 1334 sunt
913 1282 951 1336 et
967 1288 1036 1359 per
1067 1262 1105 1333 so
1136 1280 1225 1335 non·
1259 1262 1262 1303 ¹

125 1362 237 1433 valde
250 1362 466 1458 praedata,
505 1385 621 1457 qnare
641 1380 680 1433 et
710 1363 752 1432 in
784 1388 887 1439 nova
910 1364 957 1435 ab
983 1368 1043 1459 [ο.
1074 1367 1123 1435 A.
1148 1369 1223 1435 Er-
1255 1366 1262 1408 ·'

125 1455 452 1556 nestiotadomata
486 1462 655 1541 editione
688 1463 817 1536 omitia
850 1466 982 1556 sunt),
1026 1490 1146 1560 quum
1177 1466 1223 1539 in
1256 1468 1262 1512 ³

122 1566 200 1637 illis
231 1565 470 1661 Scriptorum
511 1560 855 1650 ecclefiasticorum,
892 1589 1117 1666 graecorum
1151 1588 1220 1663 pa-

122 1666 213 1739 riter
239 1690 283 1737 ac
296 1667 528 1749 latinorum,
553 1666 653 1738 vitae
673 1684 785 1762 atque
802 1668 947 1768 ingenii
965 1686 1222 1740 monumenta
1256 1674 1262 1718 ²

124 1768 341 1865 horumque
375 1766 561 1839 editiones
602 1785 715 1862 atque
748 1769 820 1840 aiia
857 1768 1117 1842 memorabilia
1146 1765 1222 1841 stu·
1257 1778 1262 1817 ²

126 1869 231 1943 dioie
255 1888 292 1941 et
313 1884 484 1943 accurate
515 1887 875 1941 commemorentur.
931 1870 1079 1967 Quibus
1112 1870 1222 1942 libris
1260 1910 1262 1915 ·

125 1990 164 2044 et
185 1978 317 2043 Cum.
340 1977 463 2044 Sam
489 1961 754 2065 Onomasticorr
780 1970 986 2042 literarium
1001 1966 1034 2071 s.
1052 1975 1222 2042 Nomen·

125 2074 247 2145 ctotor
268 2063 348 2171 hist.
380 2075 460 2143 crit.
485 2062 884 2168 praestanttffintornm
917 2076 1037 2143 orturis
1067 2074 1222 2159 astutia,

122 2176 274 2272 populi,
301 2177 512 2266 artiumque
523 2170 715 2269 feneratae
721 2167 961 2274 scriptorum,
979 2172 1078 2263 Traj.
1088 2172 1135 2242 ad
1145 2175 1221 2245 nh.

125 2276 354 2351 1779-90.
370 2280 448 2348 VH.
458 2274 494 2347 8.
510 2274 592 2346 iure
600 2274 815 2371 meritoque
828 2274 1066 2346 adnumerari
1081 2271 1221 2370 potest.

123 2378 367 2453 Mentionem
384 2401 539 2472 quoque
565 2394 757 2449 merentur
783 2378 850 2472 qui
865 2378 982 2448 libros
999 2376 1045 2447 de
1057 2375 1225 2470 Scripto-

122 2474 228 2554 ribus
246 2475 490 2553 ecclesiasticis
507 2495 659 2573 ugentes
673 2495 902 2560 enarrarunt,
929 2477 988 2547 uti
999 2483 1021 2555 J
1025 2498 1061 2546 0.
1081 2479 1220 2549 Anna.

122 2588 234 2655 Bosn
261 2581 407 2650 Irttrod.
441 2582 478 2648 in
510 2581 688 2651 notitiam
713 2582 946 2673 Scriptorum
964 2569 1167 2674 ,ecclefiost
1191 2602 1220 2653 a

123 2688 186 2757 Jo.
212 2687 277 2754 Ge.
291 2680 461 2753 Wolchio
481 2698 600 2764 encta,
617 2685 699 2758 Jen.
710 2678 819 2751 1723.
836 2678 873 2753 8.
893 2684 1219 2753 εῑΤΗοΜᾸττιο

124 2785 167 2856 in
181 2776 403 2883 Scirectiosm.
422 2782 469 2852 rie
486 2776 724 2864 Auctoribus,
748 2783 811 2875 qui
835 2779 881 2851 de
893 2779 1144 2876 Scriptoribus
1161 2804 1219 2853 ec·

125 2875 274 2986 clrfiofl.
293 2898 459 2984 egerunt.
495 2882 599 2999 1191.Ι
615 2882 725 2957 1712.
741 2880 778 2957 8.

617 3122 650 3213 t.
686 3122 721 3197 s.

224 3295 396 3368 Secunda
420 3285 542 3367 claffis
567 3312 638 3365 eos
663 3291 1215 3391 Scriptores‘complectitur,

123 3396 195 3495 qui
200 3390 400 3511 speciatim
416 3392 467 3466 de
482 3391 664 3466 Patribus
682 3394 812 3482 Eccl.‚
830 3392 1025 3467 sententia
1047 3390 1220 3467 strictio-

124 3522 170 3573 re
185 3496 237 3571 hc
263 3494 395 3584 dictis,
414 3495 674 3567 commentati
690 3492 801 3581 sunt,
833 3519 909 3567 nee
924 3492 1053 3566 solnm
1072 3519 1217 3567 eorurn

123 3599 227 3673 vitas
246 3622 290 3671 ac
305 3620 372 3671 res
395 3593 665 3683 illustrarunt,
698 3593 766 3668 sed
792 3594 936 3694 scripta
954 3618 1138 3692 quoque,
1166 3594 1219 3667 ab

121 3698 205 3772 istis
224 3694 441 3796 composita
457 3721 502 3769 ac
528 3696 686 3785 relicta,
714 3712 963 3771 enarrarunt.
1016 3700 1217 3771 Auctores

121 3800 166 3873 hi
182 3800 236 3871 ita
251 3800 357 3871 inter
373 3795 413 3871 se
432 3792 647 3886 differunt,
673 3813 720 3871 ut
735 3799 802 3871 alii
830 3797 882 3871 de
903 3798 1085 3873 Patribus
1116 3796 1219 3869 sacri

123 3898 279 3973 ordinis
299 3896 381 3971 stne
402 3897 631 3973 discrimine
650 3915 873 3999 exponant,
911 3900 978 3971 alii
999 3912 1132 3969 autern
1149 3924 1220 3970 ox-

122 4000 306 4099 planent,
350 4026 451 4094 quae
485 4000 535 4073 ad
565 4016 723 4074 veteres
752 3999 987 4079 christianos
1015 4002 1220 4076 Doctores

124 4104 223 4176 certi
242 4104 401 4201 generis
423 4103 635 4202 pertinent.

553 4262 782 4277 m
