2542 4724
126 251 205 335 752
371 252 524 329 Cae.
551 254 649 325 xtv.
701 244 739 335 §.
768 242 861 324 13ss
882 248 969 325 136.

129 438 327 539 exempla,
354 461 404 511 ex
419 434 564 533 quibus
579 430 928 607 perspicueqpatet
954 436 1102 513 Patres
1118 434 1223 557 saepe

52 568 55 573 ·
129 568 217 618 non
243 554 327 613 tum
354 538 398 611 in
419 535 513 635 ipsis
535 562 579 611 re
608 558 656 608 us
682 532 993 631 sententiisque,
1031 562 1161 634 quarn
1186 564 1224 613 ιιι

129 641 302 717 vocibus
323 663 368 711 ac
382 636 541 723 verbis,
566 636 702 709 minus
724 632 946 733 prudenter
971 652 1099 735 atque
1119 664 1225 713 accu.

130 758 216 818 rate
236 738 310 812 usu
362 739 456 823 atis,
485 737 532 809 ab
551 761 622 823 eo,
646 732 758 831 quod
779 750 936 809 rectum
954 754 1028 811 aut
1048 738 1226 815 ecclesu-

132 842 275 917 sticum
299 765 376 926 ess,
404 834 625 921 deflexisse,
654 850 723 907 aut
748 832 999 911 occafiouem
1022 840 1226 939 perversa·

133 966 227 1021 rum
242 939 529 1053 sententiarum
549 933 707 1010 dedisse.

237 1083 312 1150 Sec.
338 1080 403 1149 ΙΙΙ.
428 1100 465 1173 p.
488 1098 526 1145 n.
549 1075 635 1146 sshr.
665 1092 869 1171 coeperunt
897 1079 1107 1176 praecipue
1141 1078 1226 1153 anti·

136 1178 287 1277 quiores
305 1183 493 1249 Doctores
509 1176 555 1247 iis
571 1175 730 1247 vocibus
757 1177 832 1261 uti,
861 1178 1000 1272 quibus
1033 1204 1159 1279 prave
1177 1183 1225 1253 in·

136 1278 303 1352 tellectis'
328 1280 389 1350 via
424 1294 550 1373 parata
578 1272 627 1347 est
659 1276 706 1347 ad
738 1298 879 1350 errores
912 1281 1137 1379 gignendos
1171 1298 1227 1355 ant

137 1378 415 1463 defendendos,
452 1378 579 1449 sanem
611 1377 658 1447 ad
692 1376 848 1473 speciem
882 1384 1225 1479 auctoritatemque

135 1481 211 1555 illis
222 1478 509 1567 conciliandam.
551 1483 594 1548 In
605 1478 662 1550 his
678 1478 871 1551 vocabulis
887 1477 1109 1569 estMereri,
1129 1482 1225 1580 quoti

135 1594 261 1665 Patres
291 1583 364 1653 late
396 1580 623 1674 usurparunt
654 1604 723 1674 pro
755 1577 942 1675 praestare·
968 1608 1113 1681 opera,
1148 1590 1224 1657 Deo

135 1682 240 1793 'grata
258 1700 295 1753 et
312 1681 512 1781 gratuitam
528 1701 659 1752 eorum
676 1683 1020 1756 remunerationem
1039 1692 1159 1759 aDeo
1174 1708 1225 1759 ro·

136 1786 268 1887 cipere.
321 1778 472 1853 Constat
487 1807 649 1878 quoque,
672 1782 828 1855 verbum
845 1782 919 1855 hoc
934 1784 1043 1879 apud
1060 1788 1224 1883 optimos

132 1888 340 1981 Scriptores
356 1885 495 1955 latinos
511 1884 612 1957 idem
631 1882 697 1955 eise
712 1908 753 1954 ac
769 1884 908 1979 aliquid
926 1880 1118 1987 consequi.
1168 1882 1225 1961 Ef-

134 1988 212 2066 fata
234 1986 420 2058 eiusmodi
443 1992 594 2057 Parrum
608 1984 796 2055 Pontificii
818 1980 942 2078 postea
966 1982 1099 2061 stricte
1121 1988 1226 2063 inter·

134 2088 273 2191 pretati
295 2086 383 2159 sunt
401 2104 512 2182 atque
530 2112 577 2156 ex
597 2086 671 2158 illio
694 2108 854 2157 errorem
885 2085 1095 2161 demerito
1114 2090 1226 2164 bono·

46 2276 50 2283 ¹
133 2218 220 2267 rum
256 2213 412 2285 operum
443 2187 619 2283 probare,
654 2202 718 2257 aut
751 2186 974 2261 confirmare
1006 2192 1224 2265 voluerunt.

134 2290 314 2372 Eiusdem
335 2289 478 2389 generis
495 2288 580 2358 sunt
595 2306 723 2360 voces:
766 2288 1005 2371 Tradirtonts,
1031 2292 1223 2395 Sumyicii.

18 2408 28 2417 “
137 2395 355 2476 oblationis,
376 2392 532 2474 Asturis,
550 2387 836 2485 satisfactionis,
856 2382 1105 2489 Cousrffiorris
1120 2415 1226 2491 atquo

132 2500 248 2579 aliae,
283 2493 525 2588 quibuscum
554 2490 634 2560 aliis
665 2487 855 2561 Antistitis.
876 2494 991 2563 Rom.
1029 2492 1224 2569 sectatore·

134 2599 235 2674 abufi
252 2596 336 2666 sunt
351 2592 559 2683 iisdemque
576 2588 750 2686 praesidia
769 2616 974 2685 pravorum
999 2592 1225 2695 dogmatum

135 2697 341 2780 contineri,
368 2694 448 2765 aliis
473 2692 690 2787 persuadere
714 2688 831 2762 annisi
852 2692 950 2762 sunt.
1005 2700 1119 2769 Inter
1134 2698 1223 2795 ipsos

137 2797 318 2877 Ecclesiae
334 2800 446 2869 Rom.
462 2794 631 2864 addictos
646 2791 786 2863 fat'etur
800 2793 873 2865 hoo
888 2798 946 2863 Io.
962 2800 1091 2869 lton-r
1111 2798 1224 2869 titt

135 2908 220 2974 Rer.
256 2899 459 2995 liturgicon
499 2898 584 2988 Cap.
612 2893 670 2965 18.
715 2916 753 2989 p.
786 2892 870 2967 246.
904 2913 1087 2991 recteque
1123 2900 1223 2973 dicit:

131 3005 262 3077 Multa
286 3000 432 3095 quidem
462 2992 664 3077 vocabulo,
697 2992 801 3065 uobis
831 3008 867 3064 ct
893 2999 1026 3089 priscis
1053 3000 1225 3071 Patribus

134 3106 363 3186 communia,
398 3101 611 3181 retinemur,
631 3088 697 3195 sed
718 3088 818 3195 sensu
840 3093 889 3165 ob
913 3120 976 3179 eo,
1002 3122 1122 3191 quem
1145 3116 1223 3171 tunc

133 3203 340 3285 habebunt,
364 3224 437 3271 nou
455 3201 576 3267 minus
595 3198 735 3280 alieno,
762 3222 875 3291 quum
898 3190 1029 3293 nostra
1059 3216 1223 3299 tempora

134 3309 303 3403 oprimis
321 3293 404 3399 post
423 3290 604 3396 Christum
614 3292 743 3397 seculis
759 3310 903 3381 reruota
911 3294 1019 3397 sunt.

586 3504 622 3591 §.
677 3498 762 3575 136.

233 3668 599 3755 Animadvertimus
623 3682 850 3767 praeterea,
878 3692 982 3765 quae
1005 3669 1054 3745 iu
1074 3670 1218 3775 scriptia

131 3790 295 3863 Patrum
311 3776 445 3852 minus
470 3787 577 3845 recte
598 3766 742 3842 tradita
765 3766 875 3855 sunt,
903 3793 951 3841 ea
967 3771 1081 3847 iuter
1097 3774 1136 3847 se
1152 3768 1218 3847 dif-

132 3886 264 3971 ferre,
291 3878 336 3954 id
358 3872 469 3972 quod
493 3870 610 3944 facile
637 3868 887 3955 videbimus,
915 3868 945 3941 si
970 3871 1057 3970 ipsa
1089 3896 1218 3949 corum

132 3994 396 4063 monumenta
426 3972 609 4074 ipsasque
647 3968 760 4043 salsas
791 3966 1008 4045 sententias
1043 3975 1152 4049 inter
1186 3970 1218 4045 sc

135 4084 323 4167 conferre
347 4076 534 4154 veturus.
593 4074 658 4149 De
693 4067 935 4169 quibusdam
959 4076 1172 4151 erroribus
1193 4066 1218 4145 fi
