2542 4724
380 266 459 333 Ca
485 266 626 395 nvp.
677 266 712 352 §.
741 262 813 335 67:
1077 258 1152 338 395
1189 212 1192 217 Ι

62 474 231 547 quorum
247 448 482 521 mentionem
494 447 675 521 Tatiauus
693 446 803 531 fecit3
821 448 912 520 item
928 430 1155 521 de‘Deorum

62 550 204 625 fabulis
231 568 270 623 et
293 551 519 622 Metrodoro
546 574 590 621 ao
615 550 660 621 de
682 547 829 635 statuis,
857 570 950 642 quas
975 550 1167 622 Tatian'ua‘

63 654 100 725 le
117 656 263 725 Romae
282 650 419 735 vidille,
447 647 616 735 testatum
641 651 800 744 denique
824 651 869 723 de
884 656 1032 751 Regum
1047 650 1156 749 Argi·

61 778 207 827 vorum
226 754 495 850 chronologia.

166 862 446 927 Tusorutuus
470 853 665 938 Anthela,
694 854 761 925 Vir
784 854 949 925 multum
974 853 1155 940 eruditus,

61 956 201 1031 litteris
224 958 387 1029 maxime
412 956 602 1039 addimus,-
635 956 700 1052 qui
721 954 908 1026 librorum
934 957 1158 1029 helluonem

34 1058 103 1131 “le
124 1058 298 1155 praebuit
319 1062 430 1153 atque
452 1058 550 1129 inter
573 1059 645 1129 hos
669 1075 802 1129 noctes
831 1056 967 1131 solidas
996 1056 1158 1129 libenter

67 1156 296 1242 consumor,
320 1159 379 1229 uti
395 1158 472 1253 ipse
494 1158 616 1233 tradit.

172 1266 376 1333 Curianus
392 1260 522 1346 Alea,
549 1261 615 1356 qui
638 1259 719 1331 iure
739 1260 781 1331 in
804 1256 974 1331 Patribus
999 1256 1159 1333 doctiffi·

64 1361 146 1435 mis
166 1379 396 1434 numeratur.
449 1364 575 1441 Multa
601 1386 716 1456 eaque
738 1362 923 1457 praeclara
948 1357 1162 1435 testimonia
1187 1396 1195 1413 r

64 1464 121 1543 de
143 1486 186 1535 eo
208 1462 306 1535 edita
334 1462 441 1535 lunt:
474 1469 770 1534 Htaaouruus
798 1462 843 1531 de
868 1463 1046 1561 Scriptor.
1064 1465 1158 1537 ‘ecci

64 1570 159 1661 Cap.
182 1564 244 1637 38.
270 1564 413 1636 scribit:
446 1569 630 1637 Feruntur
654 1568 729 1635 eius
760 1554 917 1663 infiguia
949 1565 1156 1650 volumina,

63 1666 253 1763 plenaque
275 1666 487 1739 eruditionis
511 1679 547 1739 et
569 1663 814 1761 eloquhutiam
842 1680 924 1735 tam
942 1664 1159 1762 descriptis

66 1768 224 1851 divinis,
249 1790 365 1860 quatu
382 1767 427 1839 de
447 1761 617 1863 [secularis
642 1769 874 1839 litteraturae
896 1757 1160 1861 iustrumentos

66 1886 108 1943 et
131 1866 174 1939 in
196 1858 310 1963 Epist.
329 1868 381 1939 ad
407 1873 619 1967 Magnum:
646 1866 746 1971 pisid
779 1870 815 1937 iu
843 1868 914 1937 illis
941 1868 1162 1940 indoctum?

67 1972 186 2043 iramo
211 1968 300 2063 quid
323 1993 398 2041 non
423 1970 581 2041 emedio
604 1963 835 2070 philosophia
860 1958 919 2063 ast.
972 1970 1163 2043 Eumdem

68 2072 289 2143 Clementen
313 2068 415 2143 hunc
431 2079 743 2143 Turononrrus
760 2072 913 2139 Haeret.
932 2066 1058 2167 fabul.
1075 2078 1104 2156 I,
1123 2072 1159 2143 6.

68 2174 236 2267 appellat
255 2174 389 2241 Virum
394 2167 571 2271 sanctum
589 2174 703 2269 etqui
719 2168 951 2243 abundantia
971 2171 1161 2244 doctrinae

69 2270 243 2347 omnibus
262 2275 458 2345 antecellit.

174 2368 397 2461 Eunomo,
423 2374 480 2449 vir
501 2400 583 2445 non
600 2374 837 2445 urorlioeriter
853 2376 1012 2457 doctus,
1037 2372 1163 2471 singu·

68 2478 191 2551 larem
204 2474 420 2549 industriam
436 2480 483 2545 ad
497 2477 726 2575 indaganulss
743 2476 982 2570 antiquitates
999 2476 1162 2545 ecclelia·

70 2574 180 2651 sucas
204 2577 375 2649 adhibuit
398 2580 568 2673 hancque
593 2578 644 2649 ob
670 2576 827 2649 caullam
843 2583 1060 2649 Doctorum
1079 2602 1165 2649 mo·

70 2698 257 2753 numento
273 2678 339 2749 dili
367 2664 544 2753 entiffime
565 2676 808 2774 conquifivit3
833 2678 1085 2753 Bibliotheoas
1106 2677 1164 2748 lo·

70 2782 188 2855 letter
219 2706 474 2875 perlullravit,
507 2780 721 2875 praesertim
751 2776 1028 2851 nobililhmam·
1045 2780 1163 2859 illam.

73 2904 193 2977 quam
207 2882 424 2978 Pamphilus
440 2882 632 2953 Caesareae
654 2906 793 2979 magno
811 2878 931 2952 studio
950 2882 1162 2979 collegerat.

72 2986 242 3067 Eorum,
268 3008 363 3079 quae
388 2988 598 3059 Doctoreut
621 2978 861 3057 christianum
879 3000 1037 3067 ornant,
1063 2982 1167 3055 haud
1246 3018 1252 3031 ·

73 3082 287 3180 quidquam
304 3084 482 3183 neglexit.

144 3192 147 3197 '
175 3190 376 3257 Bastulus
394 3191 585 3284 Magnus,
611 3184 677 3279 qui
698 3187 817 3257 multa
842 3184 1018 3279 variaque
1044 3186 1166 3256 erudi·

74 3285 559 3359 tioneaodoctrinavaluit.
612 3282 1167 3382 comparaveratstbinotitiam

71 3388 310 3487 linguarum,
346 3388 623 3485 philosophiae,
658 3389 911 3483 eloquentiae,
939 3411 985 3457 ex
1010 3412 1082 3482 qua
1106 3387 1165 3457 in-

73 3506 133 3565 ter
160 3508 302 3563 veteres
331 3486 547 3563 christianos
578 3496 764 3563 Doctores
796 3488 981 3561 summam
1013 3489 1166 3561 laudem

74 3590 203 3663 traxit.
257 3586 451 3665 Tollantur
468 3591 563 3663 hanc
577 3592 617 3663 in
634 3617 712 3663 rem
727 3592 867 3674 multa,
893 3614 986 3685 quae
1001 3591 1165 3684 reliquit,

73 3690 489 3791 ingenlimonttnterita.
524 3691 1170 3765 LaudanteruditionemhaneScri.

72 3812 218 3891 ptores.
270 3798 451 3867 Asurua
478 3797 518 3865 iu
535 3796 658 3872 Leaic.
680 3800 709 3876 Ι,
731 3794 818 3867 tat).
843 3794 931 3867 edit.
950 3789 1094 3864 Kiisteri
1112 3795 1168 3865 di-

73 3895 193 3967 citur:
218 3892 315 3989 πᾶσης
334 3900 469 3982 παιδείας
488 3902 529 3981 εἰς
550 3894 641 3989 ἄκρον
657 3894 834 3985 ἐληλακὼς,
860 3898 898 3967 t'tt
915 3897 1016 3965 omni
1033 3896 1168 3964 doctri·

73 4020 150 4066 nae
164 4016 299 4093 genere
319 3992 491 4093 furiturus.
545 3996 625 4093 Ipse
640 4003 874 4077 Ltuan1uS‚
901 3995 1098 4066 rhetorum
1118 3995 1135 4065 s
1154 4038 1168 4051 ·

72 4098 165 4171 culo
192 4094 262 4170 isto
288 4100 460 4201 pr‘vrceps
481 4119 517 4172 et
535 4124 554 4170 a
574 4098 755 4197 religione
771 4094 894 4173 nostra
920 4096 1083 4181 alienus,
1112 4122 1169 4169 ae·
