<?xml version="1.0" encoding="UTF-8"?>
<!DOCTYPE html PUBLIC "-//W3C//DTD XHTML 1.0 Transitional//EN"
    "http://www.w3.org/TR/xhtml1/DTD/xhtml1-transitional.dtd">
<html xmlns="http://www.w3.org/1999/xhtml" xml:lang="en" lang="en">
 <head>
  <title>
</title>
<meta http-equiv="Content-Type" content="text/html;charset=utf-8" />
  <meta name='ocr-system' content='tesseract 3.04.00' />
  <meta name='ocr-capabilities' content='ocr_page ocr_carea ocr_par ocr_line ocrx_word'/>
</head>
<body>
  <div class='ocr_page' id='page_1' title='image "./iogeorgiiwalchi05walcgoog/iogeorgiiwalchi05walcgoog_0022.png"; bbox 0 0 2542 4724; ppageno 0'>
   <div class='ocr_carea' id='block_1_1' title="bbox 84 187 171 261">
    <p class='ocr_par' dir='ltr' id='par_1_1' title="bbox 84 187 171 261">
     <span class='ocr_line' id='line_1_1' title="bbox 84 187 171 261; baseline 0.057 -6"><span class='ocrx_word' id='word_1_1' title='bbox 84 187 171 261; x_wconf 73' lang='lat' dir='ltr'>l&#39;lll</span> 
     </span>
    </p>
   </div>
   <div class='ocr_carea' id='block_1_2' title="bbox 85 459 1190 1585">
    <p class='ocr_par' dir='ltr' id='par_1_2' title="bbox 85 459 1190 1585">
     <span class='ocr_line' id='line_1_2' title="bbox 85 459 1183 563; baseline -0.005 -18"><span class='ocrx_word' id='word_1_2' title='bbox 85 468 134 545; x_wconf 87' lang='lat' dir='ltr'>ab</span> <span class='ocrx_word' id='word_1_3' title='bbox 168 463 365 563; x_wconf 83' lang='lat' dir='ltr'>aequitate</span> <span class='ocrx_word' id='word_1_4' title='bbox 398 477 506 538; x_wconf 85' lang='lat' dir='ltr'>certe</span> <span class='ocrx_word' id='word_1_5' title='bbox 540 477 582 537; x_wconf 89' lang='lat' dir='ltr'>et</span> <span class='ocrx_word' id='word_1_6' title='bbox 603 460 885 538; x_wconf 79' lang='lat' dir='ltr'><strong>moderatione</strong></span> <span class='ocrx_word' id='word_1_7' title='bbox 912 459 1183 562; x_wconf 87' lang='lat' dir='ltr'>probandum.</span> 
     </span>
     <span class='ocr_line' id='line_1_3' title="bbox 86 629 1187 745; baseline -0.005 -33"><span class='ocrx_word' id='word_1_8' title='bbox 86 636 281 745; x_wconf 83' lang='lat' dir='ltr'>Qnamvis</span> <span class='ocrx_word' id='word_1_9' title='bbox 298 657 382 709; x_wconf 89' lang='lat' dir='ltr'>non</span> <span class='ocrx_word' id='word_1_10' title='bbox 399 629 589 709; x_wconf 88' lang='lat' dir='ltr'>omnibus</span> <span class='ocrx_word' id='word_1_11' title='bbox 603 632 649 706; x_wconf 92' lang='lat' dir='ltr'>in</span> <span class='ocrx_word' id='word_1_12' title='bbox 663 631 765 707; x_wconf 87' lang='lat' dir='ltr'>locis</span> <span class='ocrx_word' id='word_1_13' title='bbox 779 656 874 707; x_wconf 89' lang='lat' dir='ltr'>cum</span> <span class='ocrx_word' id='word_1_14' title='bbox 881 632 1068 709; x_wconf 89' lang='lat' dir='ltr'>Walchio</span> <span class='ocrx_word' id='word_1_15' title='bbox 1088 657 1187 708; x_wconf 89' lang='lat' dir='ltr'>con·</span> 
     </span>
     <span class='ocr_line' id='line_1_4' title="bbox 85 755 1189 905; baseline -0.007 -22"><span class='ocrx_word' id='word_1_16' title='bbox 85 805 232 883; x_wconf 88' lang='lat' dir='ltr'>sentire</span> <span class='ocrx_word' id='word_1_17' title='bbox 246 797 409 905; x_wconf 80' lang='lat' dir='ltr'>possim,</span> <span class='ocrx_word' id='word_1_18' title='bbox 434 799 483 876; x_wconf 88' lang='lat' dir='ltr'>ab</span> <span class='ocrx_word' id='word_1_19' title='bbox 502 802 616 878; x_wconf 91' lang='lat' dir='ltr'>omni</span> <span class='ocrx_word' id='word_1_20' title='bbox 631 755 769 877; x_wconf 84' lang='lat' dir='ltr'>tamen</span> <span class='ocrx_word' id='word_1_21' title='bbox 786 799 1102 903; x_wconf 77' lang='lat' dir='ltr'>reprehensione</span> <span class='ocrx_word' id='word_1_22' title='bbox 1118 800 1189 876; x_wconf 90' lang='lat' dir='ltr'>vel</span> 
     </span>
     <span class='ocr_line' id='line_1_5' title="bbox 88 970 1189 1075; baseline -0.006 -22"><span class='ocrx_word' id='word_1_23' title='bbox 88 972 341 1052; x_wconf 87' lang='lat' dir='ltr'>correctione</span> <span class='ocrx_word' id='word_1_24' title='bbox 375 994 443 1044; x_wconf 87' lang='lat' dir='ltr'>me</span> <span class='ocrx_word' id='word_1_25' title='bbox 482 970 672 1063; x_wconf 82' lang='lat' dir='ltr'>abstinui,</span> <span class='ocrx_word' id='word_1_26' title='bbox 713 970 842 1075; x_wconf 87' lang='lat' dir='ltr'>probe</span> <span class='ocrx_word' id='word_1_27' title='bbox 869 972 1022 1062; x_wconf 85' lang='lat' dir='ltr'>sciens,</span> <span class='ocrx_word' id='word_1_28' title='bbox 1066 994 1189 1069; x_wconf 88' lang='lat' dir='ltr'>quam</span> 
     </span>
     <span class='ocr_line' id='line_1_6' title="bbox 87 1137 1187 1241; baseline -0.009 -16"><span class='ocrx_word' id='word_1_29' title='bbox 87 1142 296 1225; x_wconf 83' lang='lat' dir='ltr'>variabilia</span> <span class='ocrx_word' id='word_1_30' title='bbox 326 1137 416 1241; x_wconf 34' lang='lat' dir='ltr'>lint·</span> <span class='ocrx_word' id='word_1_31' title='bbox 425 1139 620 1218; x_wconf 82' lang='lat' dir='ltr'>Virorum</span> <span class='ocrx_word' id='word_1_32' title='bbox 649 1140 866 1219; x_wconf 87' lang='lat' dir='ltr'>doctorum</span> <span class='ocrx_word' id='word_1_33' title='bbox 894 1142 959 1237; x_wconf 71' lang='lat' dir='ltr'>hio</span> <span class='ocrx_word' id='word_1_34' title='bbox 991 1140 1036 1215; x_wconf 91' lang='lat' dir='ltr'>in</span> <span class='ocrx_word' id='word_1_35' title='bbox 1062 1139 1187 1215; x_wconf 88' lang='lat' dir='ltr'>rebus</span> 
     </span>
     <span class='ocr_line' id='line_1_7' title="bbox 90 1309 1189 1417; baseline -0.009 -24"><span class='ocrx_word' id='word_1_36' title='bbox 90 1315 335 1417; x_wconf 83' lang='lat' dir='ltr'>opinionum</span> <span class='ocrx_word' id='word_1_37' title='bbox 352 1326 593 1407; x_wconf 88' lang='lat' dir='ltr'>commenta,</span> <span class='ocrx_word' id='word_1_38' title='bbox 616 1336 718 1411; x_wconf 82' lang='lat' dir='ltr'>quae</span> <span class='ocrx_word' id='word_1_39' title='bbox 736 1312 843 1388; x_wconf 88' lang='lat' dir='ltr'>delet</span> <span class='ocrx_word' id='word_1_40' title='bbox 859 1309 946 1387; x_wconf 83' lang='lat' dir='ltr'>dies</span> <span class='ocrx_word' id='word_1_41' title='bbox 965 1325 1006 1385; x_wconf 87' lang='lat' dir='ltr'>et</span> <span class='ocrx_word' id='word_1_42' title='bbox 1022 1309 1106 1385; x_wconf 86' lang='lat' dir='ltr'>dies</span> <span class='ocrx_word' id='word_1_43' title='bbox 1123 1336 1189 1384; x_wconf 87' lang='lat' dir='ltr'>re·</span> 
     </span>
     <span class='ocr_line' id='line_1_8' title="bbox 91 1432 1190 1585; baseline -0.009 -23"><span class='ocrx_word' id='word_1_44' title='bbox 91 1484 236 1574; x_wconf 81' lang='lat' dir='ltr'>stituit,</span> <span class='ocrx_word' id='word_1_45' title='bbox 266 1497 308 1557; x_wconf 88' lang='lat' dir='ltr'>et</span> <span class='ocrx_word' id='word_1_46' title='bbox 331 1432 580 1585; x_wconf 75' lang='lat' dir='ltr'>quantopere</span> <span class='ocrx_word' id='word_1_47' title='bbox 596 1482 773 1562; x_wconf 88' lang='lat' dir='ltr'>Walchii</span> <span class='ocrx_word' id='word_1_48' title='bbox 788 1478 935 1556; x_wconf 87' lang='lat' dir='ltr'>faciem</span> <span class='ocrx_word' id='word_1_49' title='bbox 950 1480 1020 1554; x_wconf 89' lang='lat' dir='ltr'>tali</span> <span class='ocrx_word' id='word_1_50' title='bbox 1041 1484 1190 1555; x_wconf 85' lang='lat' dir='ltr'>conatu</span> 
     </span>
    </p>
   </div>
   <div class='ocr_carea' id='block_1_3' title="bbox 91 1654 319 1731">
    <p class='ocr_par' dir='ltr' id='par_1_3' title="bbox 91 1654 319 1731">
     <span class='ocr_line' id='line_1_9' title="bbox 91 1654 319 1731; baseline -0.013 0"><span class='ocrx_word' id='word_1_51' title='bbox 91 1654 319 1731; x_wconf 86' lang='lat' dir='ltr'>immutem.</span> 
     </span>
    </p>
   </div>
   <div class='ocr_carea' id='block_1_4' title="bbox 92 1822 1201 4001">
    <p class='ocr_par' dir='ltr' id='par_1_4' title="bbox 92 1822 1201 4001">
     <span class='ocr_line' id='line_1_10' title="bbox 194 1822 1193 1948; baseline -0.008 -14"><span class='ocrx_word' id='word_1_52' title='bbox 194 1848 377 1934; x_wconf 82' lang='lat' dir='ltr'>Maxime</span> <span class='ocrx_word' id='word_1_53' title='bbox 403 1822 573 1935; x_wconf 80' lang='lat' dir='ltr'>veroin</span> <span class='ocrx_word' id='word_1_54' title='bbox 598 1855 643 1933; x_wconf 90' lang='lat' dir='ltr'>id</span> <span class='ocrx_word' id='word_1_55' title='bbox 666 1856 857 1948; x_wconf 87' lang='lat' dir='ltr'>incubui,</span> <span class='ocrx_word' id='word_1_56' title='bbox 884 1870 932 1932; x_wconf 88' lang='lat' dir='ltr'>ut</span> <span class='ocrx_word' id='word_1_57' title='bbox 953 1855 1071 1931; x_wconf 88' lang='lat' dir='ltr'>titulo</span> <span class='ocrx_word' id='word_1_58' title='bbox 1097 1852 1193 1928; x_wconf 90' lang='lat' dir='ltr'>libri</span> 
     </span>
     <span class='ocr_line' id='line_1_11' title="bbox 92 2021 1192 2129; baseline -0.005 -28"><span class='ocrx_word' id='word_1_59' title='bbox 92 2028 346 2109; x_wconf 76' lang='lat' dir='ltr'>Bibliothecae</span> <span class='ocrx_word' id='word_1_60' title='bbox 360 2021 586 2129; x_wconf 75' lang='lat' dir='ltr'>pamfticoe,</span> <span class='ocrx_word' id='word_1_61' title='bbox 603 2025 885 2104; x_wconf 80' lang='lat' dir='ltr'>satisfacerem.</span> <span class='ocrx_word' id='word_1_62' title='bbox 912 2031 1078 2105; x_wconf 87' lang='lat' dir='ltr'>Summa</span> <span class='ocrx_word' id='word_1_63' title='bbox 1093 2048 1192 2123; x_wconf 85' lang='lat' dir='ltr'>ergo</span> 
     </span>
     <span class='ocr_line' id='line_1_12' title="bbox 97 2191 1196 2315; baseline -0.005 -42"><span class='ocrx_word' id='word_1_64' title='bbox 97 2222 195 2273; x_wconf 88' lang='lat' dir='ltr'>cura</span> <span class='ocrx_word' id='word_1_65' title='bbox 209 2212 250 2272; x_wconf 87' lang='lat' dir='ltr'>et</span> <span class='ocrx_word' id='word_1_66' title='bbox 266 2194 476 2315; x_wconf 80' lang='lat' dir='ltr'>diligentia</span> <span class='ocrx_word' id='word_1_67' title='bbox 490 2197 718 2275; x_wconf 86' lang='lat' dir='ltr'>nonsolum</span> <span class='ocrx_word' id='word_1_68' title='bbox 734 2225 793 2291; x_wconf 88' lang='lat' dir='ltr'>ea,</span> <span class='ocrx_word' id='word_1_69' title='bbox 807 2224 910 2299; x_wconf 88' lang='lat' dir='ltr'>quae</span> <span class='ocrx_word' id='word_1_70' title='bbox 924 2195 1013 2301; x_wconf 88' lang='lat' dir='ltr'>post</span> <span class='ocrx_word' id='word_1_71' title='bbox 1021 2191 1196 2272; x_wconf 88' lang='lat' dir='ltr'>Walchii</span> 
     </span>
     <span class='ocr_line' id='line_1_13' title="bbox 95 2364 1197 2472; baseline -0.008 -28"><span class='ocrx_word' id='word_1_72' title='bbox 95 2383 283 2471; x_wconf 86' lang='lat' dir='ltr'>tempora</span> <span class='ocrx_word' id='word_1_73' title='bbox 311 2367 362 2445; x_wconf 89' lang='lat' dir='ltr'>ad</span> <span class='ocrx_word' id='word_1_74' title='bbox 383 2368 715 2472; x_wconf 87' lang='lat' dir='ltr'>promovendum</span> <span class='ocrx_word' id='word_1_75' title='bbox 743 2368 922 2445; x_wconf 85' lang='lat' dir='ltr'>studium</span> <span class='ocrx_word' id='word_1_76' title='bbox 949 2364 1197 2469; x_wconf 87' lang='lat' dir='ltr'>patristicum</span> 
     </span>
     <span class='ocr_line' id='line_1_14' title="bbox 96 2529 1198 2642; baseline -0.007 -27"><span class='ocrx_word' id='word_1_77' title='bbox 96 2539 363 2642; x_wconf 84' lang='lat' dir='ltr'>prodierunt,</span> <span class='ocrx_word' id='word_1_78' title='bbox 387 2539 612 2639; x_wconf 74' lang='lat' dir='ltr'>conquisivi</span> <span class='ocrx_word' id='word_1_79' title='bbox 636 2556 677 2615; x_wconf 88' lang='lat' dir='ltr'>et</span> <span class='ocrx_word' id='word_1_80' title='bbox 689 2539 791 2616; x_wconf 76' lang='lat' dir='ltr'>locis</span> <span class='ocrx_word' id='word_1_81' title='bbox 809 2537 888 2615; x_wconf 83' lang='lat' dir='ltr'>suis</span> <span class='ocrx_word' id='word_1_82' title='bbox 907 2535 1110 2624; x_wconf 77' lang='lat' dir='ltr'>armotavi,</span> <span class='ocrx_word' id='word_1_83' title='bbox 1127 2529 1198 2607; x_wconf 85' lang='lat' dir='ltr'>sed</span> 
     </span>
     <span class='ocr_line' id='line_1_15' title="bbox 99 2703 1196 2831; baseline -0.005 -47"><span class='ocrx_word' id='word_1_84' title='bbox 99 2708 221 2784; x_wconf 91' lang='lat' dir='ltr'>etiam</span> <span class='ocrx_word' id='word_1_85' title='bbox 242 2709 383 2831; x_wconf 88' lang='lat' dir='ltr'>plura,</span> <span class='ocrx_word' id='word_1_86' title='bbox 411 2733 514 2808; x_wconf 88' lang='lat' dir='ltr'>quae</span> <span class='ocrx_word' id='word_1_87' title='bbox 546 2709 700 2786; x_wconf 83' lang='lat' dir='ltr'>Auctor</span> <span class='ocrx_word' id='word_1_88' title='bbox 725 2708 793 2786; x_wconf 80' lang='lat' dir='ltr'>vel</span> <span class='ocrx_word' id='word_1_89' title='bbox 808 2730 894 2787; x_wconf 93' lang='lat' dir='ltr'>non</span> <span class='ocrx_word' id='word_1_90' title='bbox 919 2706 1002 2785; x_wconf 86' lang='lat' dir='ltr'>fine</span> <span class='ocrx_word' id='word_1_91' title='bbox 1029 2703 1196 2782; x_wconf 70' lang='lat' dir='ltr'>consilio</span> 
     </span>
     <span class='ocr_line' id='line_1_16' title="bbox 101 2870 1197 2981; baseline -0.007 -27"><span class='ocrx_word' id='word_1_92' title='bbox 101 2875 300 2968; x_wconf 82' lang='lat' dir='ltr'>omiserat,</span> <span class='ocrx_word' id='word_1_93' title='bbox 323 2878 392 2952; x_wconf 87' lang='lat' dir='ltr'>vel</span> <span class='ocrx_word' id='word_1_94' title='bbox 408 2902 512 2978; x_wconf 89' lang='lat' dir='ltr'>quae</span> <span class='ocrx_word' id='word_1_95' title='bbox 528 2879 615 2955; x_wconf 90' lang='lat' dir='ltr'>eius</span> <span class='ocrx_word' id='word_1_96' title='bbox 634 2876 885 2981; x_wconf 87' lang='lat' dir='ltr'>diligentiam</span> <span class='ocrx_word' id='word_1_97' title='bbox 909 2874 1148 2977; x_wconf 82' lang='lat' dir='ltr'>effugerant,</span> <span class='ocrx_word' id='word_1_98' title='bbox 1166 2870 1197 2946; x_wconf 88' lang='lat' dir='ltr'>li</span> 
     </span>
     <span class='ocr_line' id='line_1_17' title="bbox 102 3043 1196 3155; baseline -0.003 -33"><span class='ocrx_word' id='word_1_99' title='bbox 102 3045 154 3155; x_wconf 79' lang='lat' dir='ltr'>ad</span> <span class='ocrx_word' id='word_1_100' title='bbox 176 3072 267 3121; x_wconf 91' lang='lat' dir='ltr'>rem</span> <span class='ocrx_word' id='word_1_101' title='bbox 290 3046 442 3147; x_wconf 90' lang='lat' dir='ltr'>aliquid</span> <span class='ocrx_word' id='word_1_102' title='bbox 464 3044 598 3124; x_wconf 85' lang='lat' dir='ltr'>facere</span> <span class='ocrx_word' id='word_1_103' title='bbox 624 3049 728 3125; x_wconf 86' lang='lat' dir='ltr'>mihi</span> <span class='ocrx_word' id='word_1_104' title='bbox 754 3049 1013 3141; x_wconf 83' lang='lat' dir='ltr'>viderentur,</span> <span class='ocrx_word' id='word_1_105' title='bbox 1039 3046 1088 3121; x_wconf 87' lang='lat' dir='ltr'>ab</span> <span class='ocrx_word' id='word_1_106' title='bbox 1109 3043 1196 3147; x_wconf 91' lang='lat' dir='ltr'>ipso</span> 
     </span>
     <span class='ocr_line' id='line_1_18' title="bbox 100 3210 1196 3341; baseline -0.002 -51"><span class='ocrx_word' id='word_1_107' title='bbox 100 3210 265 3311; x_wconf 79' lang='lat' dir='ltr'>iamiam</span> <span class='ocrx_word' id='word_1_108' title='bbox 289 3218 415 3341; x_wconf 67' lang='lat' dir='ltr'>allatio</span> <span class='ocrx_word' id='word_1_109' title='bbox 442 3214 590 3294; x_wconf 87' lang='lat' dir='ltr'>addidi.</span> <span class='ocrx_word' id='word_1_110' title='bbox 644 3219 810 3319; x_wconf 86' lang='lat' dir='ltr'>Aliquot</span> <span class='ocrx_word' id='word_1_111' title='bbox 831 3218 958 3295; x_wconf 90' lang='lat' dir='ltr'>libros</span> <span class='ocrx_word' id='word_1_112' title='bbox 982 3214 1075 3319; x_wconf 75' lang='lat' dir='ltr'>ipsis</span> <span class='ocrx_word' id='word_1_113' title='bbox 1092 3213 1196 3289; x_wconf 85' lang='lat' dir='ltr'>meis</span> 
     </span>
     <span class='ocr_line' id='line_1_19' title="bbox 103 3340 1200 3515; baseline -0.004 -54"><span class='ocrx_word' id='word_1_114' title='bbox 103 3388 233 3495; x_wconf 87' lang='lat' dir='ltr'>oculis</span> <span class='ocrx_word' id='word_1_115' title='bbox 251 3340 399 3515; x_wconf 28' lang='lat' dir='ltr'>‘ividere</span> <span class='ocrx_word' id='word_1_116' title='bbox 420 3386 525 3462; x_wconf 89' lang='lat' dir='ltr'>mihi</span> <span class='ocrx_word' id='word_1_117' title='bbox 547 3413 634 3464; x_wconf 90' lang='lat' dir='ltr'>non</span> <span class='ocrx_word' id='word_1_118' title='bbox 651 3390 832 3491; x_wconf 87' lang='lat' dir='ltr'>contigit,</span> <span class='ocrx_word' id='word_1_119' title='bbox 856 3389 951 3465; x_wconf 91' lang='lat' dir='ltr'>licet</span> <span class='ocrx_word' id='word_1_120' title='bbox 963 3386 1137 3464; x_wconf 79' lang='lat' dir='ltr'>maxime</span> <span class='ocrx_word' id='word_1_121' title='bbox 1152 3384 1200 3458; x_wconf 92' lang='lat' dir='ltr'>in</span> 
     </span>
     <span class='ocr_line' id='line_1_20' title="bbox 103 3516 1197 3669; baseline -0.004 -37"><span class='ocrx_word' id='word_1_122' title='bbox 103 3558 212 3669; x_wconf 82' lang='lat' dir='ltr'>notis</span> <span class='ocrx_word' id='word_1_123' title='bbox 235 3516 467 3650; x_wconf 69' lang='lat' dir='ltr'>habuerim</span> <span class='ocrx_word' id='word_1_124' title='bbox 496 3582 621 3657; x_wconf 85' lang='lat' dir='ltr'>quare</span> <span class='ocrx_word' id='word_1_125' title='bbox 647 3560 699 3636; x_wconf 87' lang='lat' dir='ltr'>iis</span> <span class='ocrx_word' id='word_1_126' title='bbox 720 3574 935 3636; x_wconf 89' lang='lat' dir='ltr'>contentus</span> <span class='ocrx_word' id='word_1_127' title='bbox 960 3555 1037 3635; x_wconf 87' lang='lat' dir='ltr'>else</span> <span class='ocrx_word' id='word_1_128' title='bbox 1061 3553 1197 3643; x_wconf 89' lang='lat' dir='ltr'>debui,</span> 
     </span>
     <span class='ocr_line' id='line_1_21' title="bbox 105 3678 1198 3831; baseline -0.004 -30"><span class='ocrx_word' id='word_1_129' title='bbox 105 3752 207 3826; x_wconf 90' lang='lat' dir='ltr'>quae</span> <span class='ocrx_word' id='word_1_130' title='bbox 233 3725 394 3829; x_wconf 80' lang='lat' dir='ltr'>sparfinr</span> <span class='ocrx_word' id='word_1_131' title='bbox 416 3730 461 3803; x_wconf 91' lang='lat' dir='ltr'>in</span> <span class='ocrx_word' id='word_1_132' title='bbox 487 3728 575 3804; x_wconf 86' lang='lat' dir='ltr'>aliis</span> <span class='ocrx_word' id='word_1_133' title='bbox 597 3727 712 3805; x_wconf 87' lang='lat' dir='ltr'>libris</span> <span class='ocrx_word' id='word_1_134' title='bbox 733 3745 917 3831; x_wconf 86' lang='lat' dir='ltr'>excerpta</span> <span class='ocrx_word' id='word_1_135' title='bbox 933 3678 1198 3813; x_wconf 80' lang='lat' dir='ltr'>habebantur.</span> 
     </span>
     <span class='ocr_line' id='line_1_22' title="bbox 105 3891 1201 4001; baseline -0.007 -28"><span class='ocrx_word' id='word_1_136' title='bbox 105 3898 272 4000; x_wconf 83' lang='lat' dir='ltr'>Saepius</span> <span class='ocrx_word' id='word_1_137' title='bbox 287 3897 465 4001; x_wconf 72' lang='lat' dir='ltr'>singulos</span> <span class='ocrx_word' id='word_1_138' title='bbox 483 3901 696 3999; x_wconf 85' lang='lat' dir='ltr'>loquentes</span> <span class='ocrx_word' id='word_1_139' title='bbox 715 3898 863 3976; x_wconf 80' lang='lat' dir='ltr'>videtis</span> <span class='ocrx_word' id='word_1_140' title='bbox 881 3917 922 3975; x_wconf 87' lang='lat' dir='ltr'>et</span> <span class='ocrx_word' id='word_1_141' title='bbox 937 3897 1105 3975; x_wconf 86' lang='lat' dir='ltr'>nomina</span> <span class='ocrx_word' id='word_1_142' title='bbox 1130 3891 1201 3967; x_wconf 89' lang='lat' dir='ltr'>sua</span> 
     </span>
    </p>
   </div>
   <div class='ocr_carea' id='block_1_5' title="bbox 105 4064 1197 4173">
    <p class='ocr_par' dir='ltr' id='par_1_5' title="bbox 105 4064 1197 4173">
     <span class='ocr_line' id='line_1_23' title="bbox 105 4064 1197 4173; baseline -0.003 -31"><span class='ocrx_word' id='word_1_143' title='bbox 105 4064 363 4169; x_wconf 84' lang='lat' dir='ltr'>profitentes;</span> <span class='ocrx_word' id='word_1_144' title='bbox 404 4068 474 4145; x_wconf 89' lang='lat' dir='ltr'>sed</span> <span class='ocrx_word' id='word_1_145' title='bbox 504 4096 591 4148; x_wconf 90' lang='lat' dir='ltr'>non</span> <span class='ocrx_word' id='word_1_146' title='bbox 621 4069 776 4172; x_wconf 78' lang='lat' dir='ltr'>semper</span> <span class='ocrx_word' id='word_1_147' title='bbox 813 4068 982 4173; x_wconf 76' lang='lat' dir='ltr'>spatirun</span> <span class='ocrx_word' id='word_1_148' title='bbox 1016 4064 1197 4151; x_wconf 84' lang='lat' dir='ltr'>dabatur,</span> 
     </span>
    </p>
   </div>
   <div class='ocr_carea' id='block_1_6' title="bbox 0 0 1300 4724">
    <p class='ocr_par' dir='ltr' id='par_1_6' title="bbox 0 0 1300 4724">
     <span class='ocr_line' id='line_1_24' title="bbox 0 0 1300 4724; baseline 0 0"><span class='ocrx_word' id='word_1_149' title='bbox 0 0 1300 4724; x_wconf 95' lang='lat' dir='ltr'> </span> 
     </span>
    </p>
   </div>
  </div>
 </body>
</html>
