2542 4724
114 272 191 377 lli
441 304 469 371 C
495 324 521 371 a
547 312 582 373 ν’.
615 302 693 373 vn.
744 262 779 391 5.
806 296 867 373 70.

115 484 297 569 linuntur,
323 484 399 559 utit
427 478 584 585 Genesis,
602 486 780 569 Sodoma,
807 484 913 557 Libri
931 487 1098 584 quinque
1114 490 1201 560 oda.

116 589 376 666 Marcionem
402 587 447 659 de
461 589 752 660 IndicioDei'ad
765 591 1011 683 denotamur,-
1033 596 1205 663 Carmen.

117 686 313 783 quodiam
328 688 558 774 memoravi,
594 689 647 759 de·
661 694 759 759 Iona
778 705 815 759 et
833 688 968 759 Ninive
975 712 995 769 ,⁴
1026 702 1207 785 quaean-

115 802 193 875 tem
210 788 273 861 alii
294 788 437 885 scriptis
454 790 678 862 Tertulliani
695 789 913 861 adulterinis
939 809 1203 878 annumerant,

116 905 182 961 aut
200 888 244 960 de
263 890 487 984 quibusdam
501 890 630 963 saltem
646 887 823 975 statuunt,
849 914 928 963 rem
946 889 1013 964 elie
1032 892 1204 979 dubiem,

114 1012 138 1065 ι
157 990 390 1062 Tertulliano
408 1016 448 1062 ea
466 990 532 1063 elle
552 993 769 1088 conscripta.
1121 1034 1124 1039 ·

218 1128 440 1199 Carcinus
458 1134 721 1213 (irentinus,
739 1128 865 1201 Presb.
882 1150 926 1200 aa
939 1125 1205 1226 ponamin.

119 1227 439 1327 Carthaginiensis,
463 1230 509 1299 ad
526 1253 636 1325 quem
652 1238 849 1325 tamquam·
860 1248 1054 1303 auctorem
1067 1230 1205 1303 itidem

117 1328 217 1422 ¹varia
232 1330 395 1403 carmina
412 1328 641 1414 referuntur,
672 1322 834 1427 Genesis,
859 1332 1045 1417 Sodoma,
1073 1331 1124 1401 ad
1139 1334 1207 1403 Se·

119 1444 289 1501 notorem
306 1421 544 1528 apostatam,-
582 1456 686 1528 quae·
698 1438 825 1503 autent
840 1434 1006 1504 ¹'omnino
1024 1432 1208 1529 Cypriani

119 1530 204 1615 elle,
240 1531 381 1603 doctill.
405 1532 485 1603 Viri
505 1550 655 1631 negant.
707 1530 774 1605 at-
789 1533 871 1606 aliis
895 1533 1114 1604 tribuuntur
1136 1528 1206 1604 ina

118 1632 364 1719 Tertulliano,
389 1632 440 1705 id·
473 1635 551 1706 uod
569 1635 644 1706 iam
662 1632 1095 1706 anteamemoravimua.
1122 1632 1204 1705 Sub

116 1733 275 1805 nomine
300 1735 379 1807 eius
403 1658 515 1807 exiet
546 1760 698 1833 qnoque
720 1734 820 1831 apud
847 1740 916 1806 Gr.
942 1740 1203 1816 Farnrctnn,

117 1835 158 1905 in
181 1834 332 1907 Poe‘tor.
355 1851 466 1907 veter.
492 1827 677 1936 ecclefinst.
701 1838 810 1931 Oper.
829 1861 868 1931 p.
886 1836 994 1921 302,
1034 1840 1204 1935 Lignum

64 1940 68 1947 '
117 1938 228 2021 vitae,
255 1942 410 2009 Carmen
429 1938 473 2008 ab
492 1940 572 2011 aliis
590 1938 636 2010 de
653 1938 783 2023 Crnee,
812 1944 1046 2009 aPammo
1065 1936 1113 2009 de
1126 1940 1206 2009 Pa·

22 2138 25 2143 Ι
113 2026 240 2133 scitote
253 2042 411 2111 Domini
426 2040 656 2136 inscriptum.
905 2064 908 2069 ·

221 2179 259 2245 C.
284 2180 476 2245 Verrius
508 2179 756 2268 navamus
788 2176 1021 2269 Iuvencus,
1074 2174 1204 2247 Presb.

115 2274 327 2371 Hispanus,
366 2278 433 2373 qui
458 2276 595 2372 scriplit
619 2267 804 2374 Historiae
828 2278 1063 2375 evangelicae
1087 2275 1202 2347 Libb.

61 2462 65 2475 .
115 2381 176 2459 IV,
205 2378 440 2449 Matthaeum
460 2379 644 2472 sequutus,
671 2376 778 2449 versu
797 2379 1026 2463 hexametro,
1054 2378 1206 2474 saepius

119 2477 241 2550 editos
259 2503 299 2550 ac
318 2477 458 2552 doctill.
475 2481 652 2551 Virorum
670 2481 771 2550 notis
789 2474 1002 2551 illustratos.
1069 2482 1088 2525 '-

214 2620 511 2699 Lacranrm's,
547 2615 652 2687 cuius
679 2638 821 2711 nomen
851 2614 961 2685 etiam
989 2614 1089 2709 varin
1114 2620 1205 2685 Car·

115 2714 217 2787 mina
236 2740 323 2809 prae
340 2715 375 2787 se
392 2715 548 2802 habent3
583 2715 663 2787 iure
682 2735 807 2788 autem
823 2716 1078 2787 monumentis
1092 2714 1206 2787 adul·

116 2816 244 2887 terinis
264 2837 566 2889 annumerantur.
621 2824 714 2889 Sunt
735 2814 819 2889 ista:
847 2822 1001 2888 Carmen
1021 2814 1066 2889 de
1080 2814 1205 2887 Plroe·

116 2918 209 3003 nice,
238 2943 256 2989 a
275 2914 524 3015 superstitioso
543 2919 717 3003 homine,
745 2936 787 2988 ut
806 2918 986 3003 creditur,
1014 2914 1207 3013 campoli-

113 3038 217 3103 tum3
232 3020 236 3027 '
254 3024 409 3091 Carmen
430 3022 473 3091 de
491 3016 691 3119 Postdate,
724 3020 828 3114 qnod
851 3026 1067 3107 Venerem
1094 3024 1202 3092 Fon-

115 3142 281 3193 ronan
300 3119 376 3203 effe,
396 3128 608 3193 Doctorum
627 3122 804 3192 Virorum
822 3121 1000 3192 sententia
1018 3117 1084 3205 est3
1114 3124 1201 3191 Car-

113 3248 201 3295 men
222 3224 267 3295 de
283 3212 449 3319 Poffione
467 3227 639 3308 Domini,
668 3248 744 3318 quo
766 3222 811 3295 de
832 3222 1053 3293 adoratione
1069 3222 1202 3293 Crucis

113 3324 255 3425 agitur;
280 3326 372 3396 item
394 3317 639 3424 Synrpofimn,
658 3324 762 3421 quod
783 3328 1203 3395 Cne11.A.Haumart·

116 3446 194 3497 nvs
215 3426 331 3499 edidit
347 3452 389 3499 ac
407 3444 597 3521 tamquam
616 3450 748 3497 verum
764 3425 950 3496 Lactantii
969 3448 1204 3497 monumen·

113 3544 198 3599 tum
225 3525 411 3609 defendit,
454 3526 517 3599 sub
545 3528 678 3600 titulo:
721 3517 954 3625 Syrnpofinm
975 3517 1010 3625 s.
1040 3526 1203 3597 Centum

113 3632 405 3729 Epigrammata
424 3621 584 3727 tristicia
606 3632 878 3727 aenigmatica.
914 3652 1008 3722 qrtne
1025 3648 1113 3695 vero
1123 3618 1201 3726 sno

115 3735 257 3802 auctori
276 3721 359 3827 post
382 3724 523 3829 iongiff.
549 3735 723 3827 temporis
748 3723 934 3829 decrafian
958 3730 1139 3809 reddidit,
1175 3752 1202 3798 a

116 3830 349 3903 librariorum
372 3834 512 3902 utendis
535 3854 604 3925 ope
626 3832 739 3903 Codri.
759 3824 962 3930 rusptornm
979 3831 1203 3927 repurgavit

110 3929 252 4032 [uisque
270 3948 306 4005 et
322 3926 392 4032 loſs
414 3922 642 4028 Castalionis,
672 3926 777 4032 Casp.
794 3932 950 4016 liartlrii,
976 3936 1034 4001 Fr.
1054 3922 1203 4031 Beffelii

114 4036 344 4131 aliorumque
360 4041 455 4107 tratis
472 4026 596 4129 illustr.
618 4037 678 4106 ch
689 4063 717 4105 r.
735 4037 784 4105 Λ.
803 4038 846 4103 1-1
852 4058 902 4103 en
912 4061 947 4102 m
959 4060 981 4102 a
992 4059 1014 4100 n
1025 4055 1117 4114 nus,
1137 4054 1200 4100 cn·

115 4142 171 4209 ius
195 4154 230 4210 et
254 4139 399 4211 adiecto
423 4129 470 4236 est
495 4130 804 4239 differtatinncnla
825 4148 954 4208 corrtra
972 4136 1054 4203 Nic.
1072 4136 1202 4203 Nonr·
