2542 4724
229 200 235 209 '
352 208 357 247 l

110 303 189 426 ou
384 274 705 373 ‘crum
758 244 926 392 iro„

114 489 342 565 Exhortatio
359 486 710 567 odPoenitentiam;
737 489 867 559 Semro
885 481 1214 587 doPurificutionr

114 596 278 666 Mariae.
706 622 709 627 ·
771 618 775 625 ·

215 747 474 817 Hrunourrm
493 737 699 836 Opulculo,
726 736 907 835 falsoipfi
924 738 1126 837 adscripta,
1151 744 1213 814 Io.

114 851 426 939 Meurmnruus
450 842 604 940 collegit
627 867 669 913 ac
694 841 741 925 in,
761 840 1018 929 Hmnburmr
1047 845 1216 938 Operum

121 946 230 1019 Toni.
251 949 294 1016 V
315 943 549 1023 coniunctim
567 943 755 1029 exhibuit,
796 943 836 1012 in
853 959 927 1014 tres
938 934 1075 1014 'Clalles
1095 940 1216 1016 distri-

113 1047 225 1132 buta,
250 1046 302 1116 ita
321 1063 364 1114 ut
384 1047 658 1139 complectatur
678 1046 716 1136 1)
734 1039 931 1140 Epistulas,
959 1069 1120 1138 quarum
1136 1046 1215 1117 Au·

118 1168 240 1243 ctoros
258 1147 504 1245 ignorantum
532 1147 575 1235 2)
591 1146 732 1242 Scripta
742 1176 759 1231 ,·
780 1170 874 1240 quae
893 1145 965 1218 suis
986 1147 1106 1217 titulis
1124 1170 1214 1242 pro·
1260 1180 1266 1189 „

117 1251 223 1347 prios
240 1245 420 1323 testantur
436 1249 643 1335 Auctorem
671 1243 709 1340 3)
725 1252 994 1332 Monumento,
1013 1246 1215 1342 quoe·‘suos

118 1352 325 1446 Scriptores
350 1346 660 1443 praeseferunt,
696 1374 831 1445 parum
857 1367 983 1419 autern
1011 1347 1125 1420 docta
1148 1350 1216 1422 ha·

32 1495 40 1512 ae
117 1455 266 1525 bentur.
326 1454 370 1520 In
390 1451 592 1544 Opusculis
613 1468 741 1521 tamen
764 1449 822 1521 his
843 1450 1044 1543 quaedam,
1080 1448 1217 1523 itidem

95 1592 100 1597 ·
118 1551 329 1626 adulterina
349 1548 477 1621 omilla
499 1550 587 1621 lunt
602 1550 718 1646 inque
734 1551 792 1622 his
809 1552 940 1621 locum
958 1550 1117 1621 habent:
1151 1553 1217 1624 Li·

108 1654 184 1727 ‚ber
205 1644 377 1735 Comitio,
412 1650 732 1737 [Lectionorium
773 1652 839 1747 qui
865 1653 987 1723 editus
1012 1648 1062 1722 est
1086 1676 1107 1722 a
1130 1658 1212 1725 hc.
1241 1703 1244 1707 -

117 1763 315 1829 anuuro
344 1755 569 1850 Liturgicor.
589 1758 642 1838 ΙΙ,
672 1757 727 1836 1.;
772 1754 962 1824 Indiculus
989 1755 1034 1823 rie
1058 1744 1215 1851 lraereſs-

119 1856 204 1939 bus,
237 1854 277 1924 in
298 1855 424 1925 lucem
447 1851 594 1925 emilius
621 1879 641 1924 a
667 1861 825 1924 Curuo.
855 1856 1096 1940 Memno,
1131 1859 1215 1927 Per.

118 1957 229 2031 1017.
255 1955 308 2041 8.,
341 1955 389 2027 de
412 1979 488 2051 quo
513 1955 685 2050 pluribus
708 1956 874 2049 {exponit
899 1962 1045 2028 Tuom.
1070 1960 1214 2043 Iunio,

117 2054 291 2155 Praefat.
313 2048 462 2156 Differt.
489 2058 534 2126 sle
550 2047 803 2155 Haerefiarch.
822 2083 859 2152 p.
876 2054 911 2128 ll.
921 2084 933 2139 3
972 2058 1215 2156 Martyrolo-

87 2182 96 2233 J
153 2164 245 2245 itm,
282 2159 387 2254 quod
406 2157 472 2228 sub
488 2159 718 2250 Hieronymi
738 2159 894 2229 nomine
909 2159 1111 2255 vulgatum
1126 2158 1216 2231 illu·

95 2186 349 2355 ,ffrotumque
364 2256 448 2347 esto
459 2264 612 2330 annc.
624 2265 768 2330 Mrem
783 2265 1101 2344 Fnounurrurm
1119 2265 1214 2351 Luc.

118 2362 231 2437 1668.
256 2359 324 2433 fol.
354 2380 390 2433 et
408 2377 496 2432 ante
521 2386 608 2432 eum
634 2386 654 2431 a
678 2367 790 2431 Luco
809 2366 1057 2447 Dicerem,
1093 2362 1214 2456 Spiri-

106 2464 191 2564 ·leg.
210 2469 265 2548 11,
290 2465 323 2534 1.
332 2486 343 2547 ;
388 2465 655 2532 Commentarii
678 2465 714 2530 in
741 2485 867 2531 ornnes
888 2455 1077 2561 PsalmoS,
1113 2486 1213 2557 quos

116 2562 347 2655 Hieronymi
363 2563 465 2632 haud
483 2561 569 2647 elle,
600 2563 644 2632 de
662 2587 705 2632 eo
726 2587 858 2633 omnes
877 2561 954 2633 fere
972 2560 1216 2635 consentiunt

116 2687 251 2758 resque
275 2663 353 2759 ipsa
371 2665 444 2733 hoc
467 2663 570 2733 haud
589 2663 743 2733 obscure
762 2663 922 2748 indicat,
959 2688 1079 2758 quum
1097 2688 1213 2761 expo·

116 2767 235 2838 nendi
250 2790 292 2836 ac
308 2762 491 2834 scribendi
510 2789 627 2862 genus
647 2763 691 2833 ab
716 2764 846 2835 indole
871 2788 913 2836 oc
936 2764 1214 2838 consuetudine

114 2866 343 2958 Hieronymi
359 2867 525 2935 alienum
547 2862 606 2937 est.
655 2865 759 2947 Idem
788 2867 888 2937 valet
916 2867 961 2936 de
982 2856 1212 2964 Profeffione

114 2972 237 3052 Fidei,
266 2992 362 3061 quae
383 2967 624 3060 Hieronymo
651 2965 898 3039 adiudicanda
916 2985 953 3040 et
969 2969 1124 3069 Pelagio
1149 2967 1214 3042 ed·

116 3068 316 3142 scribenda.
332 3068 369 3161 *)

214 3227 371 3293 Pomm
403 3225 611 3311 Pryunrur
654 3223 813 3290 Carmen
853 3210 1133 3317 eucharisticum
1166 3220 1212 3294 cle

112 3326 193 3393 vua
203 3315 303 3421 suar
328 3323 437 3393 nub.
454 3327 504 3393 v1
522 3321 568 3392 oe
582 3323 662 3394 vua
680 3326 718 3392 c.
735 3322 923 3399 marunu·
940 3310 1211 3419 conrupssou

114 3423 166 3493 od
174 3412 350 3517 Faustum
359 3416 601 3522 Illtegieusem
619 3422 664 3494 de
681 3422 791 3495 variis
807 3419 1096 3517 quaestionibus,
1113 3448 1212 3520 quae

113 3523 259 3596 dudum
278 3525 437 3594 Paulino
456 3527 670 3595 Petrocorio
694 3525 720 3594 l.
748 3524 998 3607 Ρεινὶεονάὶο,
1025 3524 1210 3621 Scriptori

110 3629 185 3696 Sec.
203 3631 246 3697 V.
283 3625 473 3713 exeuntis4
522 3649 544 3697 u
574 3625 847 3698 recentioribus
888 3625 1098 3698 editoribus
1143 3626 1209 3698 od·

111 3724 244 3822 scripta
264 3726 361 3798 sunt

109 3913 340 3933 'm

142 4028 166 4095 ·)
187 4023 225 4076 ln
245 4022 362 4078 Lruror
391 4018 467 4094 Diff.
490 4020 526 4075 ἀι
550 4037 621 4077 uero
641 4029 766 4095 auctore
787 4020 983 4092 Proseffionis
1002 4018 1103 4089 Fidei,
1127 4039 1205 4091 quae

173 4092 310 4164 Pelagio,
329 4091 518 4164 Hieronymo
533 4098 562 4143 ot
576 4090 750 4161 Augustino
769 4090 866 4144 tribui
875 4091 971 4161 solet,
996 4089 1063 4147 Par.
1080 4095 1156 4150 1668.
1175 4096 1203 4149 6.

173 4170 200 4214 el
217 4163 248 4217 in
267 4164 341 4232 Opp.
359 4161 429 4214 edit.
447 4159 553 4215 Colon-
569 4177 595 4220 α.
613 4159 871 4226 1731.11,2,305.
