2542 4724
383 280 418 357 c
445 305 469 353 t
495 306 530 355 ν.
562 290 639 357 vn.
692 286 727 377 ς.
754 284 816 360 ot.
1079 258 1156 359 tot

61 474 173 543 miiiis
188 462 354 569 aspersa,
387 494 484 563 quae
499 461 530 565 fi
554 472 606 542 ad
628 484 784 543 exactae
797 471 966 569 veritatis
981 470 1156 569 regulam

62 571 349 644 accommodare
362 571 540 657 volueris,
575 571 661 644 bani
675 566 804 674 seusus
829 574 958 643 inania
978 568 1156 643 videbun·

63 687 135 745 tur.
190 676 340 775 Quippe
360 673 628 745 declamatorio
650 675 715 745 illo
739 697 841 745 more
866 672 918 744 ad
941 674 1159 767 imperitam

63 773 143 871 fere
166 774 475 858 irruititudinera‚·
498 776 758 875 exaggerandi
782 766 925 877 cauffo,
959 788 1005 859 ,et
1025 770 1153 875 jubito
1248 858 1253 869 ι

66 874 231 969 quodam
255 878 394 967 impetu
419 875 562 946 dicendi
586 902 631 947 ae
655 878 778 947 calore
803 868 960 975 profusa
979 872 1156 971 feruntur

67 978 279 1071 picturaque
294 976 468 1045 licentius.
511 978 621 1048 Unde
636 1002 683 1047 en
700 979 861 1048 aliorum
877 978 1157 1072 comparatione

69 1078 252 1161 locorum,
278 1078 337 1147 ael
361 1078 608 1147 conciliorum
623 1082 768 1173 potius,
795 1103 841 1147 ae
860 1080 1037 1162 Patrum,
1063 1090 1156 1147 tem·

69 1178 256 1271 peranda,
303 1191 341 1247 et
375 1180 412 1248 iu
443 1202 586 1276 gyrum
617 1182 786 1249 veritatis
817 1177 1028 1251 revocanda
1050 1170 1153 1277 sunt.
1226 1170 1229 1177 ’

70 1280 171 1352 Idem
187 1280 264 1351 late
287 1275 445 1350 edilietit
465 1285 523 1349 10.
545 1285 768 1352 Dtnntnos
793 1279 838 1351 de
858 1271 935 1379 Usu
949 1282 1155 1365 Patruml,

70 1378 111 1465 4,
137 1406 175 1476 p.
193 1380 278 1453 120.
306 1397 418 1475 atque
437 1376 616 1465 ostendit,
643 1404 718 1451 non
738 1378 854 1475 facile
878 1372 962 1481 effe,
996 1382 1157 1451 Parrum

65 1474 206 1583 scripta
221 1480 437 1579 intelligere,
459 1495 538 1551 tum
553 1497 707 1577 propter
722 1483 871 1581 linguas
886 1496 923 1552 et
938 1482 1155 1567 idiotismos,

74 1580 200 1675 quibus
221 1596 395 1666 utuntur,
431 1596 512 1651 tum
534 1598 688 1679 propter
706 1609 829 1654 rerum
850 1581 1157 1679 explicandarum

72 1686 182 1755 uariis
205 1682 409 1754 rhetoricae
431 1697 468 1752 et
491 1684 706 1757 dialecticae
732 1678 897 1783 artficiis
922 1677 1159 1784 obscuratam

73 1798 105 1855 et
126 1784 347 1879 impeditam
368 1786 552 1855 rationem
559 1812 577 1863 ,·
610 1802 689 1856 tum
712 1788 812 1881 quod
834 1786 1029 1882 plerasque
1049 1804 1159 1857 voces

72 1886 165 1969 alio,
188 1910 304 1979 quam
320 1888 383 1978 qui
399 1912 496 1954 nnnc
512 1889 548 1956 in
567 1879 630 1984 usu
648 1878 715 1984 est,
731 1878 840 1987 sensa
857 1880 1039 1988 usurpent.
1087 1890 1158 1959 Le·
1214 1868 1227 1892 ⁸

73 1985 183 2085 gandi
200 2003 239 2057 et
253 1984 358 2065 sunt:
393 1992 451 2057 Io.
477 1992 683 2059 Cnnntcus
705 1989 745 2057 in
771 1978 936 2084 Historia
946 1979 1159 2084 studiorum

71 2086 346 2171 rhetoricarum,
368 2085 497 2182 quibus
513 2076 766 2179 difficillinmm
783 2090 923 2186 cogniti
935 2079 1159 2186 factumest,

73 2188 159 2283 quid
169 2191 373 2299 cogitarim
386 2189 430 2258 de
445 2189 570 2259 miritis
587 2187 692 2260 rebus
709 2188 929 2259 celeberrimi
940 2189 1158 2285 Scriptores,

72 2314 165 2385 quae
180 2288 231 2361 elt
249 2290 290 2377 in
309 2292 388 2381 qius
408 2294 503 2361 Arte
519 2293 663 2375 critica,
699 2293 784 2362 Vol.
802 2296 829 2361 I.
856 2314 895 2385 p.
913 2290 1019 2374 337„
1047 2308 1084 2361 et
1099 2294 1159 2361 Io.

70 2396 405 2474 Btnnnrntcws,
448 2390 620 2485 Praefat.
654 2391 976 2487 interpretationis
1008 2392 1162 2489 gallicae

70 2496 367 2563 Purnnnonrn
394 2495 490 2561 Iuris
516 2506 638 2562 natur.
664 2508 701 2563 et
717 2496 888 2590 gentium
910 2496 944 2581 §.
961 2497 1026 2563 IX.
1044 2516 1081 2587 p.
1099 2489 1161 2563 40.

70 2592 268 2689 Improbat
283 2591 436 2687 quidem
454 2596 742 2666 Hsnnonrmos
764 2584 880 2690 Epist.
901 2596 1084 2665 XXXIV
1081 2646 1090 2664 .
1116 2596 1162 2663 T.

71 2698 138 2765 1V
135 2748 145 2765 .
167 2696 279 2789 Oper.
303 2700 400 2764 Part.
418 2694 453 2763 2.
473 2718 509 2788 p.
527 2692 632 2779 259„
674 2695 984 2767 declamatorium
1011 2696 1087 2766 hoo
1108 2694 1165 2765 tli-

67 2794 182 2867 cendi
207 2818 326 2891 genus
352 2794 551 2889 scribitque
574 2795 621 2866 ad
645 2797 926 2891 Nepotianum:
969 2798 1031 2867 Ne
1054 2820 1080 2867 a
1104 2818 1165 2868 me

71 2919 234 2989 quaeras
248 2897 405 2991 pueriles
424 2896 730 2981 tieclarrtatt‘ortes,
750 2892 1017 2997 sententiarum
1024 2888 1165 2997 floscu-

73 2998 151 3079 los,
191 2994 389 3067 verborum
414 2998 613 3083 lenocinia,
650 3013 685 3068 et
709 2994 889 3099 perfines
915 3000 1166 3094 capitulorum

60 3090 302 3197 fiuguiorum
312 3113 424 3167 acuta
441 3100 626 3192 quaedam
643 3096 868 3195 breviterque
878 3094 1166 3202 conclusa,quae

70 3191 223 3297 plausus
246 3214 284 3269 et
308 3200 486 3269 clamores
504 3202 662 3270 excitent
686 3202 940 3279 aridiratiumr
962 3224 1043 3273 non
1058 3202 1165 3297 peni·

73 3318 137 3371 tus
163 3318 291 3371 tomen
315 3300 411 3370 illud
439 3300 599 3373 devitet:
643 3299 763 3373 immo
793 3297 1028 3397 sophisticam
1053 3302 1168 3375 etiam

75 3400 334 3495 eloquentiam
361 3402 491 3472 diserto
516 3403 646 3472 laudnt
672 3420 709 3474 et
728 3402 838 3497 quod
862 3422 1000 3475 temere
1024 3403 1091 3476 fibi
1108 3404 1168 3475 su·

75 3502 168 3583 mit,
204 3504 377 3596 exemplo
401 3500 574 3596 Apostoli
597 3503 719 3575 Paulli
742 3505 839 3575 tueri
861 3522 1031 3577 conatur.
1083 3506 1169 3577 Alia

75 3602 168 3675 vitia
191 3602 393 3686 sermonis,
433 3628 509 3697 quo
535 3610 661 3677 Patres
687 3605 911 3694 utebantur,
944 3604 1066 3703 polita
1088 3632 1170 3679 ma·

74 3704 179 3775 xime
194 3720 301 3775 erant
317 3704 357 3773 in
376 3704 456 3799 ipso
478 3705 626 3776 dicendi
647 3732 791 3799 genere.

179 3811 268 3875 Non
290 3804 374 3875 satis
391 3806 489 3875 cattti
512 3832 553 3876 ac
579 3808 731 3902 providi
750 3832 868 3903 quum
892 3834 937 3879 ex
956 3811 1168 3881 Rhetorum

76 3906 218 3977 scholis
237 3904 384 3977 dicendi
400 3900 584 3977 formulas
603 3909 820 3981 adhiberent
837 3913 1168 3981 acDealamatores

74 4010 334 4087 imitarentur,
368 4008 563 4077 veritatem
581 4035 660 4079 non
688 4010 809 4081 solum
835 4010 952 4106 ipsam
974 4012 1169 4083 obscuram

74 4108 342 4191 reddiderunt,
378 4108 438 4181 sed
464 4111 644 4183 etiamad
671 4136 806 4209 pravas
832 4113 1034 4209 opiniones
1057 4132 1170 4209 etque
