<?xml version="1.0" encoding="UTF-8"?>
<!DOCTYPE html PUBLIC "-//W3C//DTD XHTML 1.0 Transitional//EN"
    "http://www.w3.org/TR/xhtml1/DTD/xhtml1-transitional.dtd">
<html xmlns="http://www.w3.org/1999/xhtml" xml:lang="en" lang="en">
 <head>
  <title>
</title>
<meta http-equiv="Content-Type" content="text/html;charset=utf-8" />
  <meta name='ocr-system' content='tesseract 3.04.00' />
  <meta name='ocr-capabilities' content='ocr_page ocr_carea ocr_par ocr_line ocrx_word'/>
</head>
<body>
  <div class='ocr_page' id='page_1' title='image "./lta-2000/iogeorgiiwalchi05walcgoog/iogeorgiiwalchi05walcgoog_0111.png"; bbox 0 0 2542 4724; ppageno 0'>
   <div class='ocr_carea' id='block_1_1' title="bbox 383 218 1162 330">
    <p class='ocr_par' dir='ltr' id='par_1_1' title="bbox 383 218 1162 330">
     <span class='ocr_line' id='line_1_1' title="bbox 383 218 1162 330; baseline -0.003 -15"><span class='ocrx_word' id='word_1_1' title='bbox 383 218 602 315; x_wconf 69' lang='lat' dir='ltr'><strong>Gaul.</strong></span> <span class='ocrx_word' id='word_1_2' title='bbox 662 243 698 330; x_wconf 81' lang='lat'><strong>§.</strong></span> <span class='ocrx_word' id='word_1_3' title='bbox 734 246 770 316; x_wconf 92' lang='lat'><strong>7.</strong></span> <span class='ocrx_word' id='word_1_4' title='bbox 805 247 840 323; x_wconf 86' lang='lat'><strong>8.</strong></span> <span class='ocrx_word' id='word_1_5' title='bbox 1115 256 1162 329; x_wconf 70' lang='lat'><strong>81</strong></span> 
     </span>
    </p>
   </div>
   <div class='ocr_carea' id='block_1_2' title="bbox 55 414 1223 2160">
    <p class='ocr_par' dir='ltr' id='par_1_2' title="bbox 60 414 1158 723">
     <span class='ocr_line' id='line_1_2' title="bbox 63 414 1158 529; baseline 0.01 -24"><span class='ocrx_word' id='word_1_6' title='bbox 63 436 181 517; x_wconf 81' lang='lat' dir='ltr'><strong>ritate,</strong></span> <span class='ocrx_word' id='word_1_7' title='bbox 214 454 300 529; x_wconf 88' lang='lat' dir='ltr'><strong>quo</strong></span> <span class='ocrx_word' id='word_1_8' title='bbox 327 447 504 525; x_wconf 82' lang='lat' dir='ltr'><strong>tempore</strong></span> <span class='ocrx_word' id='word_1_9' title='bbox 522 429 588 502; x_wconf 84' lang='lat' dir='ltr'><strong>illa</strong></span> <span class='ocrx_word' id='word_1_10' title='bbox 611 414 798 505; x_wconf 60' lang='lat' dir='ltr'><strong>acciderit,</strong></span> <span class='ocrx_word' id='word_1_11' title='bbox 841 440 900 505; x_wconf 74' lang='lat' dir='ltr'><strong>Ln</strong></span> <span class='ocrx_word' id='word_1_12' title='bbox 924 441 1051 509; x_wconf 79' lang='lat' dir='ltr'><strong>Bnun</strong></span> <span class='ocrx_word' id='word_1_13' title='bbox 1074 443 1158 515; x_wconf 79' lang='lat' dir='ltr'><strong>Dii·</strong></span> 
     </span>
     <span class='ocr_line' id='line_1_3' title="bbox 63 530 1154 633; baseline 0.004 -22"><span class='ocrx_word' id='word_1_14' title='bbox 63 538 141 611; x_wconf 73' lang='lat' dir='ltr'><strong>iatt.</strong></span> <span class='ocrx_word' id='word_1_15' title='bbox 167 536 241 607; x_wconf 78' lang='lat' dir='ltr'><strong>has</strong></span> <span class='ocrx_word' id='word_1_16' title='bbox 269 538 495 605; x_wconf 69' lang='lat' dir='ltr'><strong>Faunum</strong></span> <span class='ocrx_word' id='word_1_17' title='bbox 524 530 722 628; x_wconf 73' lang='lat' dir='ltr'><strong>operibor,</strong></span> <span class='ocrx_word' id='word_1_18' title='bbox 758 535 912 633; x_wconf 84' lang='lat' dir='ltr'><strong>abipso</strong></span> <span class='ocrx_word' id='word_1_19' title='bbox 942 544 1023 613; x_wconf 86' lang='lat' dir='ltr'><strong>Par.</strong></span> <span class='ocrx_word' id='word_1_20' title='bbox 1043 542 1154 619; x_wconf 83' lang='lat'><strong>1685.</strong></span> 
     </span>
     <span class='ocr_line' id='line_1_4' title="bbox 60 632 510 723; baseline -0.018 -13"><span class='ocrx_word' id='word_1_21' title='bbox 60 642 93 723; x_wconf 84' lang='lat'><strong>11,</strong></span> <span class='ocrx_word' id='word_1_22' title='bbox 112 638 147 710; x_wconf 82' lang='grc'><strong>4.</strong></span> <span class='ocrx_word' id='word_1_23' title='bbox 175 632 322 719; x_wconf 81' lang='lat' dir='ltr'><strong>editis,</strong></span> <span class='ocrx_word' id='word_1_24' title='bbox 353 632 510 704; x_wconf 86' lang='lat' dir='ltr'><strong>addidit.</strong></span> 
     </span>
    </p>

    <p class='ocr_par' dir='ltr' id='par_1_3' title="bbox 55 726 1223 1947">
     <span class='ocr_line' id='line_1_5' title="bbox 138 726 1159 839; baseline 0.008 -29"><span class='ocrx_word' id='word_1_25' title='bbox 138 746 254 811; x_wconf 80' lang='lat' dir='ltr'><strong>Lon.</strong></span> <span class='ocrx_word' id='word_1_26' title='bbox 283 740 397 808; x_wconf 78' lang='lat' dir='ltr'><strong>Aur.</strong></span> <span class='ocrx_word' id='word_1_27' title='bbox 423 739 692 808; x_wconf 73' lang='lat' dir='ltr'><strong>Monaromt</strong></span> <span class='ocrx_word' id='word_1_28' title='bbox 723 730 890 839; x_wconf 79' lang='lat' dir='ltr'><strong>Differtt.</strong></span> <span class='ocrx_word' id='word_1_29' title='bbox 918 743 970 813; x_wconf 79' lang='lat' dir='ltr'><strong>ad</strong></span> <span class='ocrx_word' id='word_1_30' title='bbox 994 726 1159 829; x_wconf 75' lang='lat' dir='ltr'><strong>Paullini</strong></span> 
     </span>
     <span class='ocr_line' id='line_1_6' title="bbox 59 839 1184 937; baseline 0.002 -24"><span class='ocrx_word' id='word_1_31' title='bbox 59 844 254 923; x_wconf 71' lang='lat' dir='ltr'><strong>Pucinum,</strong></span> <span class='ocrx_word' id='word_1_32' title='bbox 297 862 464 933; x_wconf 86' lang='lat' dir='ltr'><strong>quarum</strong></span> <span class='ocrx_word' id='word_1_33' title='bbox 490 841 702 909; x_wconf 81' lang='lat' dir='ltr'>nonnullae</span> <span class='ocrx_word' id='word_1_34' title='bbox 728 839 774 910; x_wconf 84' lang='lat' dir='ltr'><strong>ad</strong></span> <span class='ocrx_word' id='word_1_35' title='bbox 797 840 920 937; x_wconf 88' lang='lat' dir='ltr'><strong>ipsum</strong></span> <span class='ocrx_word' id='word_1_36' title='bbox 939 848 1184 921; x_wconf 88' lang='lat' dir='ltr'><strong>Paullinum.</strong></span> 
     </span>
     <span class='ocr_line' id='line_1_7' title="bbox 58 938 1158 1039; baseline 0.006 -24"><span class='ocrx_word' id='word_1_37' title='bbox 58 942 206 1039; x_wconf 67' lang='lat' dir='ltr'><strong>[pectant</strong></span> <span class='ocrx_word' id='word_1_38' title='bbox 228 964 280 1011; x_wconf 86' lang='lat' dir='ltr'><strong>ac</strong></span> <span class='ocrx_word' id='word_1_39' title='bbox 305 939 442 1029; x_wconf 71' lang='lat' dir='ltr'><strong>varius⁸</strong></span> <span class='ocrx_word' id='word_1_40' title='bbox 460 939 564 1011; x_wconf 88' lang='lat' dir='ltr'><strong>illius</strong></span> <span class='ocrx_word' id='word_1_41' title='bbox 586 965 644 1013; x_wconf 86' lang='lat' dir='ltr'><strong>res</strong></span> <span class='ocrx_word' id='word_1_42' title='bbox 668 938 874 1027; x_wconf 81' lang='lat' dir='ltr'><strong>illustrant,</strong></span> <span class='ocrx_word' id='word_1_43' title='bbox 907 946 967 1018; x_wconf 91' lang='lat' dir='ltr'><strong>uti</strong></span> <span class='ocrx_word' id='word_1_44' title='bbox 991 972 1092 1019; x_wconf 85' lang='lat' dir='ltr'><strong>nono</strong></span> <span class='ocrx_word' id='word_1_45' title='bbox 1112 951 1158 1023; x_wconf 84' lang='lat' dir='ltr'><strong>de</strong></span> 
     </span>
     <span class='ocr_line' id='line_1_8' title="bbox 57 1040 1155 1145; baseline 0.003 -28"><span class='ocrx_word' id='word_1_46' title='bbox 57 1044 202 1117; x_wconf 78' lang='lat' dir='ltr'><strong>Pattliini</strong></span> <span class='ocrx_word' id='word_1_47' title='bbox 225 1040 511 1139; x_wconf 80' lang='lat' dir='ltr'><strong>dignitatibus,</strong></span> <span class='ocrx_word' id='word_1_48' title='bbox 548 1042 690 1111; x_wconf 80' lang='lat' dir='ltr'><strong>decimu</strong></span> <span class='ocrx_word' id='word_1_49' title='bbox 714 1043 760 1112; x_wconf 84' lang='lat' dir='ltr'><strong>de</strong></span> <span class='ocrx_word' id='word_1_50' title='bbox 781 1046 972 1129; x_wconf 85' lang='lat' dir='ltr'><strong>PouIIino,</strong></span> <span class='ocrx_word' id='word_1_51' title='bbox 1000 1054 1155 1145; x_wconf 85' lang='lat' dir='ltr'><strong>Campa·</strong></span> 
     </span>
     <span class='ocr_line' id='line_1_9' title="bbox 56 1141 1155 1238; baseline 0.006 -21"><span class='ocrx_word' id='word_1_52' title='bbox 56 1148 121 1219; x_wconf 83' lang='lat' dir='ltr'><strong>uiae</strong></span> <span class='ocrx_word' id='word_1_53' title='bbox 136 1141 379 1224; x_wconf 64' lang='lat' dir='ltr'><strong>Consul-tri,</strong></span> <span class='ocrx_word' id='word_1_54' title='bbox 417 1142 610 1212; x_wconf 83' lang='lat' dir='ltr'><strong>undecima</strong></span> <span class='ocrx_word' id='word_1_55' title='bbox 630 1144 675 1211; x_wconf 87' lang='lat' dir='ltr'><strong>de</strong></span> <span class='ocrx_word' id='word_1_56' title='bbox 694 1141 848 1238; x_wconf 88' lang='lat' dir='ltr'><strong>reliquis</strong></span> <span class='ocrx_word' id='word_1_57' title='bbox 865 1148 1028 1218; x_wconf 79' lang='lat' dir='ltr'><strong>Paullini</strong></span> <span class='ocrx_word' id='word_1_58' title='bbox 1043 1152 1155 1225; x_wconf 84' lang='lat' dir='ltr'><strong>rebus</strong></span> 
     </span>
     <span class='ocr_line' id='line_1_10' title="bbox 56 1242 1179 1345; baseline 0.009 -31"><span class='ocrx_word' id='word_1_59' title='bbox 56 1246 162 1345; x_wconf 70' lang='lat' dir='ltr'><strong>gestis,</strong></span> <span class='ocrx_word' id='word_1_60' title='bbox 206 1244 449 1323; x_wconf 78' lang='lat' dir='ltr'><strong>duodecinur</strong></span> <span class='ocrx_word' id='word_1_61' title='bbox 474 1242 521 1323; x_wconf 84' lang='lat' dir='ltr'><strong>do</strong></span> <span class='ocrx_word' id='word_1_62' title='bbox 547 1261 720 1338; x_wconf 81' lang='lat' dir='ltr'><strong>tempore</strong></span> <span class='ocrx_word' id='word_1_63' title='bbox 748 1244 906 1339; x_wconf 87' lang='lat' dir='ltr'><strong>suscepti</strong></span> <span class='ocrx_word' id='word_1_64' title='bbox 931 1272 952 1318; x_wconf 87' lang='lat' dir='ltr'><strong>u</strong></span> <span class='ocrx_word' id='word_1_65' title='bbox 976 1251 1179 1330; x_wconf 30' lang='lat' dir='ltr'><strong>Paullino,</strong></span> 
     </span>
     <span class='ocr_line' id='line_1_11' title="bbox 56 1346 1154 1445; baseline 0.005 -24"><span class='ocrx_word' id='word_1_66' title='bbox 56 1350 300 1445; x_wconf 78' lang='lat' dir='ltr'><strong>Episcopatus</strong></span> <span class='ocrx_word' id='word_1_67' title='bbox 314 1396 328 1423; x_wconf 86' lang='lat'><strong>.</strong></span> <span class='ocrx_word' id='word_1_68' title='bbox 363 1346 476 1413; x_wconf 83' lang='lat' dir='ltr'><strong>tertia</strong></span> <span class='ocrx_word' id='word_1_69' title='bbox 494 1358 530 1415; x_wconf 83' lang='lat' dir='ltr'><strong>et</strong></span> <span class='ocrx_word' id='word_1_70' title='bbox 548 1346 690 1415; x_wconf 83' lang='lat' dir='ltr'><strong>decima</strong></span> <span class='ocrx_word' id='word_1_71' title='bbox 707 1346 753 1416; x_wconf 88' lang='lat' dir='ltr'><strong>de</strong></span> <span class='ocrx_word' id='word_1_72' title='bbox 771 1346 966 1431; x_wconf 81' lang='lat' dir='ltr'><strong>aedificiis,</strong></span> <span class='ocrx_word' id='word_1_73' title='bbox 990 1354 1112 1423; x_wconf 84' lang='lat' dir='ltr'><strong>Nolae</strong></span> <span class='ocrx_word' id='word_1_74' title='bbox 1133 1382 1154 1427; x_wconf 82' lang='lat' dir='ltr'><strong>a</strong></span> 
     </span>
     <span class='ocr_line' id='line_1_12' title="bbox 57 1445 1154 1543; baseline 0.006 -22"><span class='ocrx_word' id='word_1_75' title='bbox 57 1451 213 1521; x_wconf 83' lang='lat' dir='ltr'><strong>Pmilino</strong></span> <span class='ocrx_word' id='word_1_76' title='bbox 235 1445 438 1530; x_wconf 85' lang='lat' dir='ltr'><strong>conditis,</strong></span> <span class='ocrx_word' id='word_1_77' title='bbox 463 1450 549 1543; x_wconf 76' lang='lat' dir='ltr'><strong>vige</strong></span> <span class='ocrx_word' id='word_1_78' title='bbox 563 1471 641 1516; x_wconf 85' lang='lat' dir='ltr'><strong>uua</strong></span> <span class='ocrx_word' id='word_1_79' title='bbox 666 1446 712 1517; x_wconf 90' lang='lat' dir='ltr'><strong>de</strong></span> <span class='ocrx_word' id='word_1_80' title='bbox 729 1448 891 1519; x_wconf 82' lang='lat' dir='ltr'><strong>Paullini</strong></span> <span class='ocrx_word' id='word_1_81' title='bbox 913 1448 1095 1524; x_wconf 84' lang='lat' dir='ltr'><strong>sententia</strong></span> <span class='ocrx_word' id='word_1_82' title='bbox 1111 1456 1154 1529; x_wconf 90' lang='lat' dir='ltr'><strong>in</strong></span> 
     </span>
     <span class='ocr_line' id='line_1_13' title="bbox 57 1542 1153 1653; baseline 0.001 -28"><span class='ocrx_word' id='word_1_83' title='bbox 57 1554 345 1625; x_wconf 65' lang='lat' dir='ltr'><strong>momentorum</strong></span> <span class='ocrx_word' id='word_1_84' title='bbox 363 1572 524 1617; x_wconf 86' lang='lat' dir='ltr'><strong>numero</strong></span> <span class='ocrx_word' id='word_1_85' title='bbox 549 1544 789 1645; x_wconf 84' lang='lat' dir='ltr'><strong>affignando,</strong></span> <span class='ocrx_word' id='word_1_86' title='bbox 807 1542 975 1647; x_wconf 74' lang='lat' dir='ltr'><strong>seczindu</strong></span> <span class='ocrx_word' id='word_1_87' title='bbox 989 1577 1036 1621; x_wconf 85' lang='lat' dir='ltr'><strong>ac</strong></span> <span class='ocrx_word' id='word_1_88' title='bbox 1050 1559 1153 1653; x_wconf 82' lang='lat' dir='ltr'><strong>vige·</strong></span> 
     </span>
     <span class='ocr_line' id='line_1_14' title="bbox 55 1644 1223 1749; baseline 0.008 -29"><span class='ocrx_word' id='word_1_89' title='bbox 55 1644 148 1749; x_wconf 72' lang='lat' dir='ltr'><strong>sima,</strong></span> <span class='ocrx_word' id='word_1_90' title='bbox 185 1674 297 1747; x_wconf 86' lang='lat' dir='ltr'><strong>quae</strong></span> <span class='ocrx_word' id='word_1_91' title='bbox 314 1649 562 1743; x_wconf 80' lang='lat' dir='ltr'><strong>spicilegium</strong></span> <span class='ocrx_word' id='word_1_92' title='bbox 581 1673 625 1719; x_wconf 84' lang='lat' dir='ltr'><strong>ex</strong></span> <span class='ocrx_word' id='word_1_93' title='bbox 641 1649 825 1744; x_wconf 81' lang='lat' dir='ltr'><strong>Operibus</strong></span> <span class='ocrx_word' id='word_1_94' title='bbox 843 1651 1006 1723; x_wconf 84' lang='lat' dir='ltr'><strong>Paullini</strong></span> <span class='ocrx_word' id='word_1_95' title='bbox 1026 1653 1154 1749; x_wconf 84' lang='lat' dir='ltr'><strong>depor·</strong></span> <span class='ocrx_word' id='word_1_96' title='bbox 1219 1712 1223 1717; x_wconf 81' lang='lat'>-</span> 
     </span>
     <span class='ocr_line' id='line_1_15' title="bbox 60 1744 1151 1831; baseline 0.005 -6"><span class='ocrx_word' id='word_1_97' title='bbox 60 1754 127 1827; x_wconf 78' lang='lat' dir='ltr'><strong>ditis</strong></span> <span class='ocrx_word' id='word_1_98' title='bbox 143 1752 326 1827; x_wconf 80' lang='lat' dir='ltr'><strong>exhibet.</strong></span> <span class='ocrx_word' id='word_1_99' title='bbox 360 1744 514 1821; x_wconf 87' lang='lat' dir='ltr'><strong>Exstant</strong></span> <span class='ocrx_word' id='word_1_100' title='bbox 529 1746 859 1823; x_wconf 81' lang='lat' dir='ltr'><strong>Differtatt.haein</strong></span> <span class='ocrx_word' id='word_1_101' title='bbox 868 1752 959 1825; x_wconf 85' lang='lat' dir='ltr'><strong>Eius</strong></span> <span class='ocrx_word' id='word_1_102' title='bbox 969 1754 1151 1831; x_wconf 69' lang='lat' dir='ltr'><strong>anecdot.</strong></span> 
     </span>
     <span class='ocr_line' id='line_1_16' title="bbox 60 1848 434 1947; baseline -0.011 -22"><span class='ocrx_word' id='word_1_103' title='bbox 60 1854 143 1927; x_wconf 79' lang='lat' dir='ltr'><strong>latin.</strong></span> <span class='ocrx_word' id='word_1_104' title='bbox 160 1862 209 1929; x_wconf 90' lang='lat' dir='ltr'><strong>T.</strong></span> <span class='ocrx_word' id='word_1_105' title='bbox 227 1860 313 1947; x_wconf 89' lang='lat' dir='ltr'><strong>1.p</strong></span> <span class='ocrx_word' id='word_1_106' title='bbox 347 1848 434 1923; x_wconf 91' lang='grc'><strong>141.</strong></span> 
     </span>
    </p>

    <p class='ocr_par' dir='ltr' id='par_1_4' title="bbox 63 1952 1152 2160">
     <span class='ocr_line' id='line_1_17' title="bbox 139 1952 1152 2049; baseline 0.004 -22"><span class='ocrx_word' id='word_1_107' title='bbox 139 1962 199 2027; x_wconf 84' lang='lat' dir='ltr'><strong>La</strong></span> <span class='ocrx_word' id='word_1_108' title='bbox 231 1960 279 2025; x_wconf 91' lang='lat' dir='ltr'><em>V</em></span> <span class='ocrx_word' id='word_1_109' title='bbox 278 1958 317 2023; x_wconf 88' lang='lat' dir='ltr'><strong>ie</strong></span> <span class='ocrx_word' id='word_1_110' title='bbox 339 1952 387 2022; x_wconf 83' lang='lat' dir='ltr'><strong>de</strong></span> <span class='ocrx_word' id='word_1_111' title='bbox 415 1954 457 2022; x_wconf 79' lang='lat'><strong>8.</strong></span> <span class='ocrx_word' id='word_1_112' title='bbox 480 1952 648 2038; x_wconf 82' lang='lat' dir='ltr'><strong>Paullin,</strong></span> <span class='ocrx_word' id='word_1_113' title='bbox 682 1956 1026 2049; x_wconf 61' lang='lat' dir='ltr'><strong>anquedeNole,</strong></span> <span class='ocrx_word' id='word_1_114' title='bbox 1061 1982 1152 2031; x_wconf 84' lang='lat' dir='ltr'><strong>avec</strong></span> 
     </span>
     <span class='ocr_line' id='line_1_18' title="bbox 63 2046 1152 2160; baseline 0.003 -33"><span class='ocrx_word' id='word_1_115' title='bbox 63 2052 226 2159; x_wconf 68' lang='lat' dir='ltr'><strong>imaipfe</strong></span> <span class='ocrx_word' id='word_1_116' title='bbox 251 2057 304 2125; x_wconf 85' lang='lat' dir='ltr'><strong>de</strong></span> <span class='ocrx_word' id='word_1_117' title='bbox 320 2046 385 2155; x_wconf 84' lang='lat' dir='ltr'><strong>ses</strong></span> <span class='ocrx_word' id='word_1_118' title='bbox 411 2054 603 2152; x_wconf 82' lang='lat' dir='ltr'><strong>Ouvroges</strong></span> <span class='ocrx_word' id='word_1_119' title='bbox 621 2070 659 2125; x_wconf 84' lang='lat' dir='ltr'><strong>et</strong></span> <span class='ocrx_word' id='word_1_120' title='bbox 685 2058 776 2125; x_wconf 84' lang='lat' dir='ltr'><strong>trois</strong></span> <span class='ocrx_word' id='word_1_121' title='bbox 803 2048 1067 2155; x_wconf 79' lang='lat' dir='ltr'><strong>Diffortotions</strong></span> <span class='ocrx_word' id='word_1_122' title='bbox 1081 2055 1152 2160; x_wconf 84' lang='lat' dir='ltr'><strong>sur</strong></span> 
     </span>
    </p>
   </div>
   <div class='ocr_carea' id='block_1_3' title="bbox 63 2148 1152 2747">
    <p class='ocr_par' dir='ltr' id='par_1_5' title="bbox 63 2148 1150 2463">
     <span class='ocr_line' id='line_1_19' title="bbox 64 2148 1148 2257; baseline 0.005 -27"><span class='ocrx_word' id='word_1_123' title='bbox 64 2162 214 2257; x_wconf 66' lang='lat' dir='ltr'><strong>quelques</strong></span> <span class='ocrx_word' id='word_1_124' title='bbox 230 2158 372 2253; x_wconf 87' lang='lat' dir='ltr'><strong>points</strong></span> <span class='ocrx_word' id='word_1_125' title='bbox 388 2158 596 2248; x_wconf 79' lang='lat' dir='ltr'><strong>importans</strong></span> <span class='ocrx_word' id='word_1_126' title='bbox 614 2148 738 2255; x_wconf 87' lang='lat' dir='ltr'><strong>deson</strong></span> <span class='ocrx_word' id='word_1_127' title='bbox 755 2148 911 2253; x_wconf 76' lang='lat' dir='ltr'><strong>histoire,</strong></span> <span class='ocrx_word' id='word_1_128' title='bbox 937 2164 1018 2231; x_wconf 85' lang='lat' dir='ltr'><strong>Par.</strong></span> <span class='ocrx_word' id='word_1_129' title='bbox 1039 2160 1148 2235; x_wconf 86' lang='grc'><strong>1743.</strong></span> 
     </span>
     <span class='ocr_line' id='line_1_20' title="bbox 63 2256 1150 2353; baseline 0 -20"><span class='ocrx_word' id='word_1_130' title='bbox 63 2258 132 2353; x_wconf 59' lang='lat' dir='ltr'><strong>U)</strong></span> <span class='ocrx_word' id='word_1_131' title='bbox 165 2256 425 2335; x_wconf 81' lang='lat' dir='ltr'><strong>Memoratur</strong></span> <span class='ocrx_word' id='word_1_132' title='bbox 444 2256 555 2327; x_wconf 86' lang='lat' dir='ltr'><strong>etiam</strong></span> <span class='ocrx_word' id='word_1_133' title='bbox 571 2261 620 2328; x_wconf 86' lang='lat' dir='ltr'><strong>H.</strong></span> <span class='ocrx_word' id='word_1_134' title='bbox 638 2262 844 2329; x_wconf 72' lang='lat' dir='ltr'><strong>Vtuoutn</strong></span> <span class='ocrx_word' id='word_1_135' title='bbox 863 2261 958 2329; x_wconf 82' lang='lat' dir='ltr'><strong>Vita</strong></span> <span class='ocrx_word' id='word_1_136' title='bbox 974 2262 1150 2351; x_wconf 86' lang='lat' dir='ltr'><strong>Paullini,</strong></span> 
     </span>
     <span class='ocr_line' id='line_1_21' title="bbox 64 2354 669 2463; baseline -0.015 -28"><span class='ocrx_word' id='word_1_137' title='bbox 64 2366 186 2463; x_wconf 74' lang='lat' dir='ltr'><strong>anglice</strong></span> <span class='ocrx_word' id='word_1_138' title='bbox 204 2360 333 2445; x_wconf 85' lang='lat' dir='ltr'><strong>edita,</strong></span> <span class='ocrx_word' id='word_1_139' title='bbox 351 2356 476 2427; x_wconf 88' lang='lat' dir='ltr'><strong>Loud.</strong></span> <span class='ocrx_word' id='word_1_140' title='bbox 497 2354 607 2431; x_wconf 86' lang='grc'><strong>1654.</strong></span> <span class='ocrx_word' id='word_1_141' title='bbox 633 2358 669 2427; x_wconf 80' lang='grc'><strong>8.</strong></span> 
     </span>
    </p>

    <p class='ocr_par' dir='ltr' id='par_1_6' title="bbox 64 2454 1152 2747">
     <span class='ocr_line' id='line_1_22' title="bbox 138 2454 1152 2543; baseline -0.006 -4"><span class='ocrx_word' id='word_1_142' title='bbox 138 2464 198 2539; x_wconf 82' lang='lat' dir='ltr'><strong>Cf.</strong></span> <span class='ocrx_word' id='word_1_143' title='bbox 218 2468 469 2535; x_wconf 71' lang='lat' dir='ltr'><strong>Fanntctos</strong></span> <span class='ocrx_word' id='word_1_144' title='bbox 486 2457 581 2528; x_wconf 85' lang='lat' dir='ltr'><strong>Bibl.</strong></span> <span class='ocrx_word' id='word_1_145' title='bbox 603 2458 670 2529; x_wconf 82' lang='lat' dir='ltr'><strong>lut.</strong></span> <span class='ocrx_word' id='word_1_146' title='bbox 688 2458 784 2529; x_wconf 81' lang='lat' dir='ltr'><strong>med.</strong></span> <span class='ocrx_word' id='word_1_147' title='bbox 800 2464 843 2543; x_wconf 87' lang='lat' dir='ltr'><strong>V,</strong></span> <span class='ocrx_word' id='word_1_148' title='bbox 861 2454 948 2532; x_wconf 71' lang='lat'><strong>205.</strong></span> <span class='ocrx_word' id='word_1_149' title='bbox 997 2464 1152 2533; x_wconf 74' lang='lat' dir='ltr'><strong>Senoa-</strong></span> 
     </span>
     <span class='ocr_line' id='line_1_23' title="bbox 64 2550 1149 2653; baseline -0.008 -13"><span class='ocrx_word' id='word_1_150' title='bbox 64 2588 229 2639; x_wconf 71' lang='lat' dir='ltr'><strong>muxn·</strong></span> <span class='ocrx_word' id='word_1_151' title='bbox 247 2568 293 2647; x_wconf 88' lang='lat'><strong>1,</strong></span> <span class='ocrx_word' id='word_1_152' title='bbox 316 2558 408 2635; x_wconf 83' lang='lat'><strong>646.</strong></span> <span class='ocrx_word' id='word_1_153' title='bbox 444 2566 715 2633; x_wconf 74' lang='lat' dir='ltr'><strong>Tutumout·</strong></span> <span class='ocrx_word' id='word_1_154' title='bbox 731 2566 828 2645; x_wconf 86' lang='lat' dir='ltr'><strong>XIV,</strong></span> <span class='ocrx_word' id='word_1_155' title='bbox 848 2562 881 2632; x_wconf 85' lang='lat'><strong>1.</strong></span> <span class='ocrx_word' id='word_1_156' title='bbox 917 2550 1013 2653; x_wconf 80' lang='lat' dir='ltr'><strong>Hift.</strong></span> <span class='ocrx_word' id='word_1_157' title='bbox 1035 2560 1149 2641; x_wconf 83' lang='lat' dir='ltr'><strong>litte&#39;r.</strong></span> 
     </span>
     <span class='ocr_line' id='line_1_24' title="bbox 64 2660 1034 2747; baseline -0.006 -10"><span class='ocrx_word' id='word_1_158' title='bbox 64 2668 147 2741; x_wconf 71' lang='lat' dir='ltr'><strong>dete</strong></span> <span class='ocrx_word' id='word_1_159' title='bbox 170 2666 403 2747; x_wconf 76' lang='lat' dir='ltr'><strong>Francess,</strong></span> <span class='ocrx_word' id='word_1_160' title='bbox 428 2662 512 2737; x_wconf 83' lang='lat'><strong>179.</strong></span> <span class='ocrx_word' id='word_1_161' title='bbox 564 2668 819 2735; x_wconf 78' lang='lat' dir='ltr'><strong>Scuuozcmt</strong></span> <span class='ocrx_word' id='word_1_162' title='bbox 835 2667 922 2747; x_wconf 86' lang='lat' dir='ltr'><strong>VH,</strong></span> <span class='ocrx_word' id='word_1_163' title='bbox 950 2660 1034 2743; x_wconf 78' lang='lat'><strong>123.</strong></span> 
     </span>
    </p>
   </div>
   <div class='ocr_carea' id='block_1_4' title="bbox 434 2834 671 2931">
    <p class='ocr_par' dir='ltr' id='par_1_7' title="bbox 434 2834 671 2931">
     <span class='ocr_line' id='line_1_25' title="bbox 434 2834 671 2931; baseline -0.03 0"><span class='ocrx_word' id='word_1_164' title='bbox 434 2924 438 2931; x_wconf 82' lang='lat'><em>.</em></span> <span class='ocrx_word' id='word_1_165' title='bbox 544 2834 671 2925; x_wconf 73' lang='grc'><strong>18.</strong></span> 
     </span>
    </p>
   </div>
   <div class='ocr_carea' id='block_1_5' title="bbox 7 3002 1152 3813">
    <p class='ocr_par' dir='ltr' id='par_1_8' title="bbox 61 3002 1152 3513">
     <span class='ocr_line' id='line_1_26' title="bbox 141 3002 1151 3099; baseline -0.005 -18"><span class='ocrx_word' id='word_1_166' title='bbox 141 3008 371 3085; x_wconf 83' lang='lat' dir='ltr'><strong>Numerus</strong></span> <span class='ocrx_word' id='word_1_167' title='bbox 397 3026 541 3075; x_wconf 87' lang='lat' dir='ltr'><strong>eorum</strong></span> <span class='ocrx_word' id='word_1_168' title='bbox 564 3004 815 3089; x_wconf 85' lang='lat' dir='ltr'><strong>Doctorum,</strong></span> <span class='ocrx_word' id='word_1_169' title='bbox 845 3003 916 3097; x_wconf 90' lang='lat' dir='ltr'><strong>qui</strong></span> <span class='ocrx_word' id='word_1_170' title='bbox 932 3002 1151 3099; x_wconf 88' lang='lat' dir='ltr'><strong>antiquiori</strong></span> 
     </span>
     <span class='ocr_line' id='line_1_27' title="bbox 63 3100 1152 3183; baseline -0.006 -2"><span class='ocrx_word' id='word_1_171' title='bbox 63 3106 198 3183; x_wconf 77' lang='lat' dir='ltr'><strong>civitati</strong></span> <span class='ocrx_word' id='word_1_172' title='bbox 221 3100 472 3181; x_wconf 72' lang='lat' dir='ltr'><strong>eluistianae</strong></span> <span class='ocrx_word' id='word_1_173' title='bbox 494 3102 598 3177; x_wconf 85' lang='lat' dir='ltr'><strong>bene</strong></span> <span class='ocrx_word' id='word_1_174' title='bbox 620 3102 910 3176; x_wconf 81' lang='lat' dir='ltr'><strong>consuluerunt</strong></span> <span class='ocrx_word' id='word_1_175' title='bbox 928 3126 972 3175; x_wconf 90' lang='lat' dir='ltr'><strong>ac</strong></span> <span class='ocrx_word' id='word_1_176' title='bbox 988 3100 1152 3175; x_wconf 85' lang='lat' dir='ltr'><strong>laudem</strong></span> 
     </span>
     <span class='ocr_line' id='line_1_28' title="bbox 61 3200 1152 3301; baseline -0.006 -20"><span class='ocrx_word' id='word_1_177' title='bbox 61 3212 299 3285; x_wconf 83' lang='lat' dir='ltr'><strong>meritorum</strong></span> <span class='ocrx_word' id='word_1_178' title='bbox 318 3202 581 3301; x_wconf 87' lang='lat' dir='ltr'><strong>nominisque</strong></span> <span class='ocrx_word' id='word_1_179' title='bbox 603 3200 754 3277; x_wconf 85' lang='lat' dir='ltr'><strong>famam</strong></span> <span class='ocrx_word' id='word_1_180' title='bbox 776 3226 874 3301; x_wconf 86' lang='lat' dir='ltr'><strong>prae</strong></span> <span class='ocrx_word' id='word_1_181' title='bbox 899 3202 986 3277; x_wconf 84' lang='lat' dir='ltr'><strong>aliis</strong></span> <span class='ocrx_word' id='word_1_182' title='bbox 1015 3200 1152 3276; x_wconf 79' lang='lat' dir='ltr'><strong>couse-</strong></span> 
     </span>
     <span class='ocr_line' id='line_1_29' title="bbox 61 3298 1152 3405; baseline -0.01 -19"><span class='ocrx_word' id='word_1_183' title='bbox 61 3308 301 3405; x_wconf 69' lang='lat' dir='ltr'><strong>quiritum,</strong></span> <span class='ocrx_word' id='word_1_184' title='bbox 342 3307 475 3377; x_wconf 76' lang='lat' dir='ltr'><strong>Secuto</strong></span> <span class='ocrx_word' id='word_1_185' title='bbox 496 3311 624 3402; x_wconf 82' lang='lat' dir='ltr'><strong>quinto</strong></span> <span class='ocrx_word' id='word_1_186' title='bbox 642 3330 728 3379; x_wconf 91' lang='lat' dir='ltr'><strong>non</strong></span> <span class='ocrx_word' id='word_1_187' title='bbox 744 3318 877 3376; x_wconf 85' lang='lat' dir='ltr'><strong>tantus</strong></span> <span class='ocrx_word' id='word_1_188' title='bbox 897 3298 999 3392; x_wconf 83' lang='lat' dir='ltr'><strong>fuit,</strong></span> <span class='ocrx_word' id='word_1_189' title='bbox 1027 3326 1152 3401; x_wconf 84' lang='lat' dir='ltr'><strong>quan·</strong></span> 
     </span>
     <span class='ocr_line' id='line_1_30' title="bbox 61 3404 1149 3513; baseline -0.008 -28"><span class='ocrx_word' id='word_1_190' title='bbox 61 3422 113 3485; x_wconf 80' lang='lat' dir='ltr'><strong>tus</strong></span> <span class='ocrx_word' id='word_1_191' title='bbox 129 3407 355 3513; x_wconf 83' lang='lat' dir='ltr'><strong>superiore</strong></span> <span class='ocrx_word' id='word_1_192' title='bbox 381 3420 508 3493; x_wconf 85' lang='lat' dir='ltr'><strong>aetate</strong></span> <span class='ocrx_word' id='word_1_193' title='bbox 535 3404 745 3485; x_wconf 74' lang='lat' dir='ltr'><strong>exlfitarat.</strong></span> <span class='ocrx_word' id='word_1_194' title='bbox 817 3408 925 3478; x_wconf 90' lang='lat' dir='ltr'><strong>Inter</strong></span> <span class='ocrx_word' id='word_1_195' title='bbox 956 3407 1149 3479; x_wconf 70' lang='lat' dir='ltr'><strong>Gntecos</strong></span> 
     </span>
    </p>

    <p class='ocr_par' dir='ltr' id='par_1_9' title="bbox 7 3500 1151 3813">
     <span class='ocr_line' id='line_1_31' title="bbox 8 3500 1151 3611; baseline -0.012 -22"><span class='ocrx_word' id='word_1_196' title='bbox 8 3520 12 3569; x_wconf 72' lang='grc' dir='ltr'><strong><em>ἶ</em></strong></span> <span class='ocrx_word' id='word_1_197' title='bbox 61 3508 237 3611; x_wconf 76' lang='lat' dir='ltr'><strong>iflpnmis</strong></span> <span class='ocrx_word' id='word_1_198' title='bbox 255 3504 442 3583; x_wconf 83' lang='lat' dir='ltr'><strong>celebres</strong></span> <span class='ocrx_word' id='word_1_199' title='bbox 459 3502 569 3582; x_wconf 85' lang='lat' dir='ltr'><strong>sunt:</strong></span> <span class='ocrx_word' id='word_1_200' title='bbox 602 3500 794 3610; x_wconf 79' lang='lat' dir='ltr'><strong>Synestus,</strong></span> <span class='ocrx_word' id='word_1_201' title='bbox 840 3507 1003 3607; x_wconf 78' lang='lat' dir='ltr'><strong>Cyrillus</strong></span> <span class='ocrx_word' id='word_1_202' title='bbox 1033 3507 1151 3577; x_wconf 81' lang='lat' dir='ltr'><strong>Alex·</strong></span> 
     </span>
     <span class='ocr_line' id='line_1_32' title="bbox 7 3600 1150 3709; baseline -0.012 -21"><span class='ocrx_word' id='word_1_203' title='bbox 7 3620 16 3665; x_wconf 76' lang='lat'>²</span> <span class='ocrx_word' id='word_1_204' title='bbox 64 3616 250 3697; x_wconf 67' lang='lat' dir='ltr'><strong>ruffinus,</strong></span> <span class='ocrx_word' id='word_1_205' title='bbox 293 3608 571 3699; x_wconf 63' lang='lat' dir='ltr'><strong>Theodoram,</strong></span> <span class='ocrx_word' id='word_1_206' title='bbox 607 3602 768 3704; x_wconf 75' lang='lat' dir='ltr'><strong>Ifidorns</strong></span> <span class='ocrx_word' id='word_1_207' title='bbox 788 3600 991 3709; x_wconf 68' lang='lat' dir='ltr'><strong>Pelusiaco,</strong></span> <span class='ocrx_word' id='word_1_208' title='bbox 1031 3606 1150 3677; x_wconf 82' lang='lat' dir='ltr'><strong>Theo·</strong></span> 
     </span>
     <span class='ocr_line' id='line_1_33' title="bbox 7 3702 1151 3813; baseline -0.016 -20"><span class='ocrx_word' id='word_1_209' title='bbox 7 3736 19 3813; x_wconf 71' lang='grc' dir='ltr'>ζ</span> <span class='ocrx_word' id='word_1_210' title='bbox 67 3714 158 3791; x_wconf 73' lang='lat' dir='ltr'><strong>dnus</strong></span> <span class='ocrx_word' id='word_1_211' title='bbox 180 3702 499 3811; x_wconf 65' lang='lat' dir='ltr'><strong>Mopsuestenuu</strong></span> <span class='ocrx_word' id='word_1_212' title='bbox 533 3710 640 3785; x_wconf 86' lang='lat' dir='ltr'><strong>inter</strong></span> <span class='ocrx_word' id='word_1_213' title='bbox 663 3714 854 3784; x_wconf 68' lang='lat' dir='ltr'><strong>Limnos</strong></span> <span class='ocrx_word' id='word_1_214' title='bbox 879 3721 1033 3781; x_wconf 80' lang='lat' dir='ltr'><strong>autem:</strong></span> <span class='ocrx_word' id='word_1_215' title='bbox 1067 3708 1151 3776; x_wconf 81' lang='lat' dir='ltr'><strong>Sul·</strong></span> 
     </span>
    </p>
   </div>
   <div class='ocr_carea' id='block_1_6' title="bbox 7 3804 1151 3911">
    <p class='ocr_par' dir='ltr' id='par_1_10' title="bbox 7 3804 1151 3911">
     <span class='ocr_line' id='line_1_34' title="bbox 7 3804 1151 3911; baseline -0.012 -18"><span class='ocrx_word' id='word_1_216' title='bbox 7 3824 22 3871; x_wconf 84' lang='lat'><strong>¹</strong></span> <span class='ocrx_word' id='word_1_217' title='bbox 68 3816 162 3905; x_wconf 72' lang='lat' dir='ltr'><strong>vitiis</strong></span> <span class='ocrx_word' id='word_1_218' title='bbox 179 3822 364 3899; x_wconf 78' lang='lat' dir='ltr'><strong>Severus,</strong></span> <span class='ocrx_word' id='word_1_219' title='bbox 399 3810 645 3899; x_wconf 80' lang='lat' dir='ltr'><strong>Prudentius,</strong></span> <span class='ocrx_word' id='word_1_220' title='bbox 683 3804 848 3911; x_wconf 85' lang='lat' dir='ltr'><strong>Orofius,</strong></span> <span class='ocrx_word' id='word_1_221' title='bbox 883 3804 1035 3882; x_wconf 84' lang='lat' dir='ltr'><strong>Murius</strong></span> <span class='ocrx_word' id='word_1_222' title='bbox 1051 3813 1151 3879; x_wconf 83' lang='lat' dir='ltr'><strong>Mer·</strong></span> 
     </span>
    </p>
   </div>
   <div class='ocr_carea' id='block_1_7' title="bbox 7 3956 909 4253">
    <p class='ocr_par' dir='ltr' id='par_1_11' title="bbox 7 3956 909 4253">
     <span class='ocr_line' id='line_1_35' title="bbox 7 3956 260 4009; baseline 0 0"><span class='ocrx_word' id='word_1_223' title='bbox 7 3956 12 3973; x_wconf 36' lang='lat' dir='ltr'>t</span> <span class='ocrx_word' id='word_1_224' title='bbox 73 3982 260 4009; x_wconf 46' lang='lat' dir='ltr'><strong>Q*</strong></span> 
     </span>
     <span class='ocr_line' id='line_1_36' title="bbox 98 4092 909 4165; baseline 0 -16"><span class='ocrx_word' id='word_1_225' title='bbox 98 4092 293 4155; x_wconf 78' lang='lat' dir='ltr'><strong>&#39;iMemoirer</strong></span> <span class='ocrx_word' id='word_1_226' title='bbox 312 4092 351 4147; x_wconf 76' lang='lat' dir='ltr'><strong>de</strong></span> <span class='ocrx_word' id='word_1_227' title='bbox 371 4092 403 4149; x_wconf 84' lang='lat' dir='ltr'><strong><em>T</em></strong></span> <span class='ocrx_word' id='word_1_228' title='bbox 400 4108 521 4147; x_wconf 73' lang='lat' dir='ltr'><strong>revortar</strong></span> <span class='ocrx_word' id='word_1_229' title='bbox 542 4108 569 4148; x_wconf 80' lang='grc' dir='ltr'><strong>ι.</strong></span> <span class='ocrx_word' id='word_1_230' title='bbox 588 4095 665 4150; x_wconf 79' lang='grc'><strong>1711.</strong></span> <span class='ocrx_word' id='word_1_231' title='bbox 684 4092 764 4163; x_wconf 69' lang='lat' dir='ltr'><strong>Aug.</strong></span> <span class='ocrx_word' id='word_1_232' title='bbox 783 4110 811 4165; x_wconf 86' lang='lat' dir='ltr'><strong>p.</strong></span> <span class='ocrx_word' id='word_1_233' title='bbox 832 4094 909 4149; x_wconf 81' lang='lat'>1419.</span> 
     </span>
     <span class='ocr_line' id='line_1_37' title="bbox 869 4182 894 4253; baseline 0 0"><span class='ocrx_word' id='word_1_234' title='bbox 869 4182 894 4253; x_wconf 90' lang='grc'><strong>6</strong></span> 
     </span>
    </p>
   </div>
   <div class='ocr_carea' id='block_1_8' title="bbox 0 0 1276 4724">
    <p class='ocr_par' dir='ltr' id='par_1_12' title="bbox 0 0 1276 4724">
     <span class='ocr_line' id='line_1_38' title="bbox 0 0 1276 4724; baseline 0 2"><span class='ocrx_word' id='word_1_235' title='bbox 0 0 1276 4724; x_wconf 95' lang='lat' dir='ltr'><strong> </strong></span> 
     </span>
    </p>
   </div>
  </div>
 </body>
</html>
