2542 4724
371 276 409 359 C
433 300 462 353 a
486 300 524 356 a.
550 282 663 373 xlv,
699 279 736 373 §-
763 280 850 359 138.
1084 282 1165 369 757

60 468 207 541 docum
237 482 369 539 contra
399 467 644 563 Stephanum,
679 471 901 545 Romanum
933 465 1161 548 Antistitem.

57 576 165 645 Inter
201 573 396 642 Romanae
430 569 563 641 Curiae
599 569 771 643 addictos
804 570 960 745 quidem
989 572 1160 662 fuerunt,

59 672 129 769 qui
159 670 273 743 fidem
299 688 410 765 atque
443 669 708 742 auctoritatem
732 672 803 765 Epi
821 675 919 745 tolae
949 674 1064 748 huius
1097 677 1159 747 in·

56 772 135 847 frin
165 798 225 843 ere
255 770 322 842 sthi
353 772 550 855 sumerent,
586 795 667 842 non
700 770 902 845 defuerunt
927 791 1064 858 autem,
1089 778 1158 872 qui

57 798 284 956 resrfferent,
316 897 386 945 nec
411 872 615 944 levioribus
635 875 865 971 argumentis
891 872 1060 949 instructi
1084 902 1157 973 pu-

59 991 233 1075 gnarent·
286 970 413 1045 Postea
438 978 646 1047 Gruterus
676 968 857 1074 Hierosol.
885 976 1054 1049 eamdem
1078 976 1158 1051 sen·

59 1077 223 1149 tentiam
254 1076 449 1169 amplexus
473 1071 522 1145 est
546 1099 588 1145 ac
609 1075 847 1169 Baptismum
869 1078 1157 1153 Haereticorum

60 1178 176 1251 etiam
202 1175 406 1248 damnavit.
458 1175 592 1247 Scribit
623 1172 688 1247 ille
716 1174 874 1270 expreffe
899 1178 1073 1275 Praestat.
1103 1182 1156 1251 ad

59 1271 248 1377 Gateehes.
280 1276 315 1361 §.
333 1276 371 1363 li,
397 1302 434 1373 p.
459 1276 515 1348 6.:
542 1278 622 1347 Soli
642 1280 832 1348 Haeretici
862 1276 1153 1373 rebaptizantur,

45 1371 89 1481 fi
113 1380 260 1473 quidem
290 1381 393 1473 prius
420 1378 511 1448 illud
539 1401 614 1449 non
639 1392 721 1449 erat
743 1381 970 1472 Baptismua
1030 1380 1086 1452 Cf.
1112 1388 1153 1455 F.

56 1486 217 1555 Euenit.
235 1486 402 1549 Borsnu
419 1484 520 1551 Acta
536 1482 633 1549 inter
648 1483 684 1551 3.
699 1482 930 1577 cyprianum
949 1495 986 1551 et
994 1481 1153 1576 Stepha-

57 1608 151 1653 nuru
167 1584 204 1651 in
221 1581 486 1675 disceptatione
500 1582 545 1651 de
557 1584 764 1653 Ilaereticis
781 1579 827 1651 ba
856 1584 1023 1653 tizandis.
1050 1582 1150 1679 Lips.

55 1680 147 1755 762
173 1684 210 1755 8.
237 1700 274 1751 et
290 1683 398 1753 Aur.
417 1688 597 1753 Saumur
616 1683 749 1777 Dispp.
767 1606 854 1775 hijs
865 1686 901 1753 in
920 1687 962 1752 V
960 1687 1034 1756 itas
1049 1688 1152 1761 Pon·

56 1778 201 1889 effictam
215 1786 325 1858 Rom.
369 1784 673 1859 Ferrar.771.8.
707 1784 1029 1885 Disp.v11.v111.

520 1986 557 2078 §.
603 1984 689 2060 138.

157 2152 249 2227 Nec
275 2174 296 2224 a
319 2150 413 2226 loco
437 2148 518 2225 lroc
541 2150 717 2225 alienum
742 2146 818 2225 effe
849 2148 1149 2242 arbitramur,ii

55 2266 271 2351 antequam
287 2253 648 2329 commentationis
658 2252 780 2327 huius
798 2248 923 2327 finem
939 2252 1148 2345 faciantne,

54 2352 110 2431 de
133 2355 473 2431 Retractatiouibus
497 2360 655 2429 Petrum
680 2352 877 2450 quaedam
901 2352 1147 2431 adiiciamus.

54 2460 168 2533 Inter
195 2455 441 2552 antiquiores
468 2451 604 2543 suiffe,
631 2458 701 2553 qui
719 2454 859 2555 scripta
878 2452 945 2527 sua
962 2471 1150 2529 retracta·

49 2562 149 2639 rent
180 2572 298 2653 atquo
331 2556 375 2629 iu
405 2556 485 2630 illis
519 2554 700 2631 delerent
727 2582 771 2630 ac
796 2570 1018 2645 mutarent,
1045 2580 1148 2654 quae

56 2672 173 2733 antea
208 2658 276 2729 vel
312 2658 448 2731 miuus
489 2656 686 2759 sapienter
719 2654 1043 2757 prudenterque,
1081 2656 1150 2731 vel

53 2758 192 2835 minus
211 2783 308 2831 vere
325 2773 441 2855 atque
461 2774 641 2833 accurate
658 2758 800 2833 littoris
819 2754 1002 2833 mandata
1020 2770 1147 2847 orant,

53 2856 264 2961 perspicua
289 2858 471 2958 exempla
497 2858 730 2947 monstrant,
749 2874 933 2933 veterum
951 2884 994 2931 ac
1010 2882 1148 2935 recen·

54 2960 222 3048 tiorum,
240 2958 442 3033 lucrorum
462 2986 505 3035 ac
523 2956 793 3061 profanorum
810 2962 1043 3034 Auctorum.

156 3102 247 3167 Non
277 3096 322 3166 de
340 3092 471 3191 quavis'
488 3098 785 3183 Retractatione,
812 3098 836 3169 s.
861 3098 925 3167 illa
943 3097 1145 3183 sacrorum,

54 3196 84 3273 s.
99 3196 364 3295 profanorum,
387 3197 412 3268 s.
432 3200 694 3294 antiquorum,
715 3198 739 3271 s.
757 3200 963 3272 recentium
981 3198 1146 3295 Scripto-

53 3324 164 3383 rum,
193 3298 253 3369 sed
277 3298 322 3369 de
342 3300 516 3397 lingulati
539 3300 641 3371 illius
661 3326 794 3397 ‘genere
817 3324 1064 3395 exponemus,
1097 3298 1145 3371 da

55 3400 1148 3483 RetractatiouibusPatrumltlccleiiae,aPatribuauimirum

54 3502 228 3599 peractis.
281 3501 426 3573 Prodiit
460 3508 518 3575 Io.
558 3492 1147 3601 Gn.Nuumauu1Differt.de

54 3600 398 3675 Retractatiouibus
414 3608 583 3685 Patruru,
608 3604 768 3673 Vitemb.
788 3602 896 3677 1685.
912 3602 949 3673 4.
968 3604 1146 3673 translata

55 3706 99 3777 in
126 3703 302 3775 Eiusdem
336 3707 526 3774 Primitiae
549 3696 715 3805 Differtt.
742 3704 955 3787 academia,
982 3702 1144 3774 Vitemb.

59 3806 172 3879 1726.
182 3810 229 3885 tt..
248 3804 312 3873 ubi
324 3807 416 3875 varii
426 3812 550 3877 Patres
559 3803 805 3887 recensentur,
819 3806 1145 3897 quimonumenta

54 3906 121 3979 [ua
150 3908 440 3978 retractaverint.
494 3913 590 3978 Sunt
614 3906 693 3977 illia
721 3908 910 4005 Origenes,
939 3904 1145 3997 Dionysius

57 4009 179 4089 Alex,
198 4010 402 4103 Gregorius
412 4009 604 4093 Naziauz„
623 4006 852 4089 Ambroiiua,
874 4007 1146 4099 Hieronymus,

48 4108 346 4233 ''theodoretum
371 4110 553 4211 vigitini,
587 4110 791 4209 Gregorius
827 4114 1016 4209 Magnata
1049 4128 1149 4207 quoe
