2542 4724
73 414 77 419 Α
123 320 201 397 276
469 325 551 395 CA
577 343 614 393 r.
641 324 702 395 Ν.
754 323 791 413 6.
816 316 879 394 47.

30 498 32 503 ’
126 508 348 607 quibusdam
367 509 455 580 locis
471 507 661 581 rhetoricis
676 512 714 579 8.
733 511 961 603 Scripturae,
980 532 1077 604 quae
1090 499 1228 605 puffim

126 617 165 684 in
190 612 476 683 Commentariis
501 603 707 707 Caffiddori
732 614 769 680 in
792 604 961 711 Psalmos
979 614 1225 704 reperiuntur,

126 715 194 810 qui
218 713 341 784 Bedae
367 713 497 808 potius
522 713 679 785 adscribi
702 711 831 797 debet3
866 713 951 784 Lib.
976 712 1022 783 de
1041 715 1228 783 Amicitia

123 840 214 887 vera
236 814 303 910 qui
319 821 431 887 Petro
449 813 607 885 Blesenfi
625 814 882 904 adiudicatum
917 817 987 887 83.
1004 811 1226 910 Paphnutii,

126 916 334 1012 Spiridonis
351 930 388 987 et
405 917 566 988 aliorum
585 920 712 989 Vitae.

402 1230 410 1237 .
503 1115 506 1119 ⁵
601 1166 639 1253 l·
691 1159 754 1236 47.

226 1352 339 1451 Quae
353 1347 442 1441 iam
465 1344 515 1419 de
534 1344 648 1422 libris
666 1350 832 1421 Patrum
847 1343 955 1418 Eecl.
983 1341 1222 1419 adulterinis

41 1522 44 1527 ,
113 1448 304 1523 ‘breviter
336 1445 601 1539 tradidimus,
644 1452 727 1523 VV.
751 1449 845 1520 DD.
874 1444 1066 1544 fingulari
1088 1444 1222 1523 studio

123 1564 363 1651 enarrarupt
392 1575 436 1622 ac
464 1547 697 1651 descriptis
727 1549 792 1623 his
826 1546 993 1621 uberius
1028 1544 1224 1649 exposue-

122 1664 241 1740 runt,
279 1675 325 1722 ea
348 1665 484 1723 tamen
507 1654 688 1742 ratione,
723 1667 769 1747 ut
788 1645 979 1722 afferrent
998 1647 1220 1734 interdum,

123 1776 230 1848 quae¹
244 1776 329 1844 non
346 1748 435 1827 fatis
456 1745 574 1825 firma
590 1751 699 1844 sunt3
729 1749 894 1849 quidde
912 1749 1158 1824 Auctoribus
1175 1746 1224 1823 s1t

21 1860 27 1885 ¹
120 1850 400 1949 demendum,-
421 1854 507 1926 non
526 1851 738 1944 definiant3
766 1876 935 1948 remque
951 1876 1037 1925 non
1053 1865 1219 1939 certam,

119 1946 191 2027 sed
213 1952 467 2053 probabilem
490 1950 648 2029 tantuin
676 1981 720 2028 ac
746 1954 912 2028 dubiam
933 1951 1117 2027 reddant
1172 1954 1221 2049 Iu

118 2050 214 2129 solis
241 2054 484 2145 coniecturis
511 2056 679 2132 omnino
706 2075 1013 2152 nonnumquam
1038 2052 1220 2153 acquies-

70 2232 80 2245 Η
121 2178 214 2228 cere
232 2152 631 2255 'debemuslmncque
650 2159 702 2234 ob
726 2152 896 2231 caussam
914 2155 1096 2229 distincte
1113 2152 1221 2228 indi·

121 2252 296 2329 candum
314 2254 387 2348 est,
425 2258 500 2330 alia
519 2276 785 2334 monumenta
808 2272 938 2346 certe,
972 2256 1049 2329 alia
1070 2254 1219 2357 proba·

116 2354 252 2431 biliter
270 2354 464 2432 falsorum
483 2357 725 2461 scriptorum
740 2360 907 2435 nomina
922 2384 1018 2458 prae
1036 2355 1075 2430 se
1094 2352 1217 2431 ferre.

219 2512 501 2609 Argumentum
524 2513 569 2585 de
587 2504 752 2610 scriptio,
784 2512 957 2585 Patribus
981 2511 1077 2585 falso
1099 2512 1220 2583 tribu·

116 2613 168 2685 tis
186 2637 344 2707 eamque
366 2613 416 2685 ob
440 2641 520 2686 rem
545 2641 565 2687 a
589 2616 776 2714 germanis
795 2640 929 2687 eorum
955 2615 1219 2687 monumentis

26 2751 33 2761 =
118 2709 410 2811 distinguendis,
445 2721 521 2788 VV.
545 2723 632 2793 DD.
661 2716 838 2815 fingulari
866 2713 1048 2788 industria
1072 2741 1219 2789 enarra·

116 2832 209 2887 runt
225 2833 262 2901 et
281 2816 383 2887 veria
406 2816 538 2914 scripta
558 2820 633 2891 huc
651 2819 851 2914 spectantia
874 2819 916 2890 in
937 2820 1063 2891 lucem
1086 2818 1219 2891 emise-

116 2933 219 2989 runt.
267 2916 415 2991 Locum
431 2920 472 2993 in
494 2921 571 2993 illis
590 2921 749 2992 habent:

785 3006 798 3035 Ι

79 3048 97 3067 ‘
218 3044 358 3117 Anna.
375 3048 530 3119 R1vnr1
558 3040 790 3148 Criticisacri
805 3044 910 3118 Libb.
926 3051 1002 3131 IV,
1030 3045 1219 3143 inquibus

49 3226 52 3233 ¹
117 3147 395 3240 expenduntur,
446 3143 735 3244 confirmantur,
783 3149 1035 3245 defenduntur
1077 3150 1100 3221 l.
1135 3154 1218 3223 reii-

118 3249 265 3318 οἰκηίην
297 3242 469 3348 censurae
499 3253 734 3335 Doctorum,
783 3265 865 3322 tam
890 3276 936 3321 ex
970 3250 1215 3337 Orthodonis,

116 3372 233 3442 quam
259 3373 306 3421 ex
323 3344 553 3450 Pontficiis,
579 3345 789 3452 inscripta.
821 3377 917 3447 qnae
940 3352 1118 3425 Patribus
1133 3354 1215 3451 ple·

114 3451 237 3545 risque
261 3453 470 3544 priscorum
497 3466 534 3522 et
558 3457 751 3549 puriorum
763 3447 975 3552 seculorum
1000 3458 1214 3554 incogitqn·

115 3543 171 3627 tia
215 3551 237 3621 l.
271 3576 375 3623 error
404 3548 586 3651 adfinxit,
630 3570 697 3627 aut
727 3557 833 3626 dolus
864 3558 985 3626 nralus
999 3550 1237 3657 supposuit,'

116 3650 184 3746 qui
207 3652 293 3723 libri
318 3653 460 3748 saepius
484 3657 727 3750 prodierunt,
769 3683 855 3729 cum
883 3656 1081 3754 separatim
1101 3660 1213 3733 1612.

116 3748 621 3830 1621164116601690.
645 3760 701 3840 8.,
745 3765 900 3842 Genev.,
940 3760 1038 3854 Lips.
1066 3777 1103 3830 et
1128 3760 1212 3833 nliis

113 3853 230 3940 locis;
259 3867 341 3926 tum
358 3856 593 3933 coniunctim
613 3884 699 3931 cum
716 3861 870 3959 reliquis
888 3861 967 3933 eius
986 3861 1145 3957 scriptis,
1168 3862 1212 3936 in

112 3956 261 4028 Ervsn.
281 3955 376 4052 Opp.
396 3956 505 4029 theol
521 3963 577 4044 11,
599 3959 709 4033 1041.
762 3961 979 4035 Praemissus
1003 3959 1053 4035 est
1080 3965 1147 4038 Tr.
1165 3969 1212 4038 de

112 4058 274 4128 Petrum
300 4062 544 4145 auctoritate,
589 4087 755 4133 errorum
788 4055 917 4159 cuuffis
944 4079 980 4135 et
1007 4063 1213 4140 nothonem

112 4160 229 4240 notis,
273 4158 348 4232 inm
375 4178 482 4234 antea
506 4182 749 4238 memoratus.
814 4165 955 4262 Incipit
979 4170 1139 4246 Rivetur
1162 4172 1209 4244 ab
