2542 4724
363 312 400 389 C
423 334 449 383 a
477 334 512 384 r.
539 317 636 386 XIV.
689 312 725 403 §.
753 312 840 388 137.
1075 308 1154 396 755

59 501 178 574 ritum
202 498 312 571 siiiim
337 494 539 594 apostolica
563 498 788 571 auctoritate
804 498 1027 573 confirmare
1042 501 1149 575 anni·

58 602 236 677 tebantur
262 619 373 695 atque
396 600 582 698 originem
607 600 685 671 eius
709 600 757 671 ad
772 603 980 674 Servatoris
1003 604 1149 701 legatos

15 752 20 765 .
58 702 288 786 referebant,
313 704 365 771 ita
381 719 425 771 ut
442 701 498 771 illi
514 697 756 786 affirmarent,
784 699 820 772 se
838 702 1150 778 consuetudinem

59 805 165 876 suani
191 801 361 897 accepisse
384 828 403 872 a
427 803 615 896 Philippo,
635 808 788 886 Ioanne,
806 804 1016 899 Polycarpo
1036 824 1149 901 atque

60 906 163 989 aliis,
187 904 404 975 memoratis
431 926 451 972 a
474 908 725 973 Pocicnari:
750 904 790 973 in
811 895 925 998 Epist.
949 905 999 973 ad
1017 908 1149 976 Victo·

58 1032 151 1090 rem,
191 1030 248 1099 ap.
286 1009 506 1075 Euserium
539 1000 638 1074 Libr.
675 996 724 1073 V.
758 996 895 1099 llifior.
925 996 1147 1104 ecclificfii'c.

59 1114 149 1203 Gap.
173 1105 234 1177 24.
286 1105 445 1199 Utrique
471 1101 654 1175 Paschatis
679 1110 784 1175 Sacra
810 1104 953 1176 diverso
978 1124 1149 1201 ternpore

60 1208 312 1290 celebrarunt,
340 1231 470 1302 pacem
501 1222 624 1275 tamen
651 1229 692 1275 ac
721 1206 964 1277 concordiam
988 1206 1087 1278 inter
1112 1207 1150 1278 so

60 1308 340 1383 conservarunt.
393 1302 520 1377 Postea
548 1306 690 1389 Victor,
715 1302 835 1401 Episc.
863 1308 996 1396 Rom,
1021 1309 1149 1382 turbas

59 1408 153 1485 fecit
170 1432 298 1504 acqua
319 1403 613 1478 Christianorum
629 1424 758 1478 coetus
776 1408 898 1478 adhuc
913 1406 967 1478 ufi
985 1406 1148 1497 fucrant,

61 1511 373 1607 tranquillitatem
398 1506 551 1578 sustulit.
607 1514 733 1603 Quum
759 1508 860 1580 enim
891 1532 998 1607 aegre
1020 1506 1147 1597 ferret,

61 1609 167 1711 quod
189 1608 337 1682 Asiatici
361 1610 400 1679 in
418 1608 591 1680 Paschate
607 1609 828 1680 celebrando
847 1634 994 1681 morem
1011 1614 1151 1684 Roma-

59 1738 156 1787 nuni
173 1712 272 1781 haud
284 1711 533 1802 sequerentur,
545 1710 585 1779 id
603 1710 709 1780 onini
721 1736 806 1781 cura
817 1712 1149 1809 egitetmeditatiis

62 1810 126 1899 est,
143 1813 341 1908 quomodo
358 1808 444 1882 istos
462 1810 507 1879 ad
522 1811 604 1881 suaa
614 1828 736 1906 partes
753 1813 984 1906 protraheret
1002 1838 1151 1887 eorum·

62 1940 137 2013 que
154 1930 361 1985 removeret
371 1912 691 1981 consuetudinem.
744 1913 831 1984 Acti
848 1913 933 1984 siint
943 1916 1036 1985 varii
1049 1920 1152 1986 Con-

62 2033 203 2091 ventus
220 2040 305 2085 cum
325 2013 363 2083 iii
382 2013 553 2095 Oriente,
576 2030 660 2083 tuin
678 2012 718 2081 in
743 2013 962 2097 Occidente,
991 2034 1027 2085 et
1053 2037 1149 2109 quo-

62 2117 169 2191 niam
197 2117 329 2188 Victor
364 2113 465 2184 liaiid
497 2110 635 2183 efficere
667 2132 834 2207 poterat,
863 2134 907 2185 iit
931 2113 1079 2186 Asiatici
1102 2119 1149 2188 ab

64 2220 224 2313 antiquo
256 2242 363 2287 more
384 2215 608 2298 recederent,
634 2216 794 2309 reliquas
820 2234 945 2287 anteiri
973 2216 1150 2291 Ecclesiae

63 2318 143 2394 fere
162 2342 293 2390 omnes
312 2316 378 2386 liac
394 2317 434 2385 in
454 2314 569 2387 caussa
588 2306 632 2391 ab
648 2316 807 2387 Asiatico
831 2313 1001 2389 instituto
1020 2317 1151 2391 dissen-

10 2502 13 2515 ,
64 2422 138 2494 tire
162 2419 315 2504 sciebat,
342 2444 385 2489 eo
411 2413 580 2512 processit
607 2417 780 2489 audaciae
801 2436 837 2489 et
856 2420 1084 2506 temeritatis,
1108 2439 1154 2493 ut

11 2574 15 2581 ,
64 2520 246 2597 Astaticos
278 2520 548 2591 communione
578 2518 768 2589 sacrorum
807 2520 1027 2605 excluderet,
1065 2519 1155 2595 telle

12 2670 17 2681 ·
65 2628 249 2699 Euserio
265 2620 362 2692 tibr.
384 2620 433 2691 V.
453 2612 586 2715 Hister.
599 2611 817 2718 ecclcfiafti'c.
836 2628 922 2716 Cap.
936 2620 996 2693 24.
1013 2647 1050 2718 p.
1069 2622 1153 2697 192.

10 2752 18 2821 ’ἱ
66 2721 217 2799 Festum
251 2724 363 2807 hunc,
398 2747 510 2818 qiieni
540 2722 592 2791 ita
617 2721 764 2792 Praesul
789 2728 900 2795 Rom.
926 2724 1155 2817 prodiderat,

10 2822 13 2827 ’
67 2842 220 2899 tantum
244 2822 376 2907 abfuit,
403 2842 446 2893 ut
473 2820 621 2893 Asiatici
646 2836 758 2917 atque
776 2824 851 2907 alii,
874 2824 948 2895 illis
973 2822 1155 2915 faventes,

66 2926 221 3011 ferrent,
239 2943 282 2995 iit
302 2925 333 2995 ei
349 2923 501 2994 fortiter
522 2920 732 2994 resisterent.
783 2927 1014 3017 Polycrates,
1032 2929 1156 2999 Eccle-

10 3026 21 3103 ἐ
67 3024 140 3101 siae
156 3025 359 3122 Epliesinae
375 3022 546 3107 Antistes‚
566 3024 632 3095 suo
644 3042 756 3120 atque
772 3028 935 3097 alioruin
950 3027 1157 3123 Episcopo·

10 3132 23 3209 '2
67 3127 321 3203 rumnomine
333 3127 589 3209 adVictorem,
608 3128 1039 3199 excommunicationem
1055 3128 1158 3203 Alia·

10 3270 22 3315 ;
68 3229 156 3301 ticis
180 3228 431 3310 minitantem,
457 3228 598 3297 litteras
626 3228 729 3297 dedit
745 3252 786 3299 ac
805 3226 1017 3323 simpliciter
1038 3230 1158 3305 decla·

16 3368 27 3413 :-
69 3332 179 3413 ravit,
204 3354 347 3400 moreni
374 3326 551 3399 Asiaticae
569 3326 748 3399 Ecclesiae
768 3329 965 3423 antiquum
981 3332 1081 3401 liaud
1098 3334 1159 3405 de·

19 3464 27 3485 ⁴
69 3428 141 3505 scri
166 3428 277 3526 polle,
295 3436 452 3523 Deoque
470 3428 589 3526 magis
615 3448 729 3522 quam
747 3430 965 3501 hominibus
984 3432 1159 3507 obedien-

10 3574 28 3623 ς,
71 3532 165 3605 tlum
199 3530 277 3602 elle.
331 3534 451 3625 Quem
481 3526 623 3599 sortem
657 3547 693 3599 et
725 3527 953 3601 constantem
989 3533 1160 3611 animum

10 3694 29 3711 .,
70 3633 187 3706 etiam
203 3627 436 3713 monstravit,
449 3654 568 3723 quum
577 3628 708 3701 Victor
725 3629 883 3701 sumeret
892 3630 1160 3715 fibi,Asiaticos

10 3776 30 3829 ἱ·
70 3734 263 3807 sacrorum
297 3730 567 3801 communione
596 3730 760 3824 privare,
799 3732 850 3803 ita
881 3750 925 3801 iit
955 3733 1028 3805 hoc
1058 3738 1160 3812 illius

22 3906 28 3925 ,
69 3834 215 3909 sactum
233 3834 428 3928 sperneret.
480 3832 572 3929 Legi
590 3850 780 3903 merentur
797 3832 841 3901 ile
857 3834 1162 3911 liacContiovcr-
1218 3836 1228 3857 ⁰

10 3990 31 4033 Ξ
69 3934 122 4011 lia
156 3940 286 4005 Ciirii.
314 3937 357 4003 A.
388 3936 610 4003 Ilnrrniaxit
645 3936 748 4002 Vera
788 3932 979 4102 descriptio
1018 3942 1163 4031 priscae

10 4106 32 4125 Ἠ
72 4038 317 4109 contentionis
336 4038 429 4104 inter
438 4039 598 4103 Romaiu
616 4046 652 4103 et
663 4024 792 4129 Aſsum
807 4061 820 4103 t
834 4058 946 4106 evoro
957 4033 1164 4135 Pascliate,·

24 4181 34 4235 -ν-
71 4136 117 4211 in
137 4142 282 4213 Eiuro.
307 4140 423 4209 Nova
445 4134 603 4234 Sylloge
623 4128 943 4310 D'ff‘m'i’giffi'
995 4142 1038 4213 0.
1061 4142 1161 4217 Anii.
