2542 4724
55 278 195 372 '192
276 318 283 331 ·
391 246 688 363 'cinit
741 287 865 378 §.r-t.

197 478 239 570 5)
265 481 400 554 Oratio
420 475 468 548 da
492 474 723 576 Theologio,
748 477 889 564 latine,
914 477 1050 554 itidem
1075 504 1121 555 ex
1140 480 1227 555 Pet.

74 628 76 635 ·
119 578 324 687 Mosellani
336 579 669 675 interpretatione,
696 577 797 675 Lipl.
816 576 926 656 1519.
952 576 989 655 4.

198 711 238 802 6)
262 710 461 782 Orationes
469 698 562 805 sen:
585 705 626 776 in
649 694 819 777 natalem
836 707 1067 791 Salvatorts.
1092 707 1136 781 in
1154 710 1229 782 Fe·

110 807 217 916 stum
233 807 552 907 Epiphaniorum,
579 806 621 877 in
640 810 680 877 S.
699 810 932 893 Lavacrum,
963 810 1007 879 in
1029 813 1068 879 8.
1090 806 1231 912 Resur-

45 1004 48 1015 .
121 908 341 994 rectionerir,
373 909 414 979 in
434 898 690 1002 Pentecosten,
713 907 754 977 in
773 912 977 993 Encoenia,
1003 912 1085 996 lat,
1111 913 1229 984 Bilib.

120 1012 391 1105 Pirclrlteimero
409 1011 631 1104 interprete,
657 1008 921 1085 Norib.1521.
948 1008 986 1089 4.

13 1140 17 1149 ’
123 1132 141 1253 '¹
196 1142 238 1231 7)
255 1134 374 1231 Orat.
404 1136 450 1207 de
473 1134 730 1205 moderatione
751 1136 789 1204 in
816 1129 1129 1235 disputationibus
1147 1134 1227 1256 [er-

122 1242 271 1326 uonda,
297 1240 377 1324 lat,
403 1234 778 1330 lnoecolnmpnaio
799 1235 968 1334 interpr,
995 1241 1093 1339 Aug.
1112 1242 1227 1313 Vrnd.

125 1344 235 1423 1521.
259 1338 296 1416 4.

198 1465 238 1567 8)
263 1466 483 1540 Coltortatio
501 1466 547 1537 dc
561 1461 787 1560 pauperibus
803 1467 962 1541 caritate
978 1467 1224 1563 complecten-

123 1578 199 1671 dis,
226 1594 322 1667 quae
339 1569 483 1665 saepius
499 1564 616 1637 latine
632 1565 797 1661 prodiit,
835 1591 880 1637 ex
896 1566 1051 1665 interpr.
1072 1573 1131 1638 Io.
1153 1572 1225 1642 Oe·

124 1671 366 1769 colampndii,
392 1668 494 1765 Lips.
517 1664 626 1742 1521.
652 1662 689 1736 [1.
732 1666 804 1736 Iul.
825 1665 1014 1753 Gabrielii,
1040 1668 1222 1769 Antverp.

126 1775 237 1854 1573.
269 1773 305 1848 8.
363 1774 434 1847 Pet
471 1774 605 1840 Franc.
632 1769 741 1853 Zinz',
782 1767 995 1845 Par.1550.
1028 1787 1075 1860 εἰ,
1092 1777 1221 1845 Venet.

202 2000 245 2094 9)
270 1999 542 2112 Apologetieus
559 1996 604 2066 de
614 1988 828 2095 fugasuo,
866 2020 978 2090 quem
1002 1997 1119 2071 latine
1140 1996 1225 2071 red·

125 2106 244 2192 didit,
276 2101 429 2176 scholils
455 2094 653 2169 illustravit
677 2121 719 2168 ac
743 2096 940 2191 separatim
966 2098 1057 2172 iuris
1083 2099 1225 2194 publici

118 2208 217 2284 ¹fecit
249 2221 357 2276 antea
389 2217 621 2274 memoratus
661 2198 733 2268 Iul.
773 2195 1000 2283 Gabrielius,
1042 2203 1223 2300 Antverp.

127 2309 239 2386 1573.
264 2306 302 2380 8.

43 2456 61 2483 ··
203 2431 269 2525 10)
295 2432 391 2503 Karai
414 2428 582 2500 Ἰουλιᾶνου
604 2428 758 2513 βασίλεως
784 2426 1017 2518 ornlrrsurrnoi
1039 2431 1075 2512 βῖ
1097 2430 1139 2501 in
1162 2436 1226 2503 Iu·

127 2542 270 2611 lianurn
288 2533 500 2603 lnoectivoe
517 2520 624 2613 duae,
645 2554 703 2626 gr.
709 2582 718 2614 ,
747 2553 776 2599 c.
789 2522 937 2625 folioliis
952 2535 1111 2628 graecis,
1129 2558 1226 2603 nunc

71 2634 74 2641 ’
124 2645 289 2738 primum
317 2636 442 2712 editis,
482 2643 519 2701 et
536 2631 695 2700 eiusdem
711 2633 887 2700 Auctoris
911 2633 1095 2703 nonnullis
1122 2633 1225 2705 aliis:

127 2743 254 2815 omnia
272 2762 319 2809 ex
335 2729 512 2805 Bibliotlr.
529 2733 581 2801 Η.
601 2732 752 2815 Servilii,
780 2755 809 2813 e,
839 2735 936 2802 notis
960 2735 998 2801 in
1015 2738 1225 2807 Invectinas

127 2844 222 2914 duas
252 2853 288 2910 et
311 2837 427 2908 variis
458 2831 671 2903 lectionibus
705 2835 741 2900 in
776 2834 1001 2928 Gregoriurn
1025 2837 1222 2922 Nazianz,

127 2945 231 3018 edita
271 2966 292 3012 a
331 2934 435 3007 Rich.
477 2938 674 3031 Montagu
706 2931 732 3003 s.
766 2932 1033 3019 Montacutio,
1075 2940 1224 3011 Etonae

15 3085 19 3097 =
128 3044 239 3120 1610.
266 3037 302 3113 ll.

178 3224 181 3228 .
204 3166 269 3260 11)
288 3142 780 3257 delectorumEpistolnrunt
800 3160 882 3233 libri
890 3175 1054 3259 quatuor
1060 3188 1122 3262 gr.
1139 3164 1223 3254 lau,

126 3272 267 3347 additis
292 3266 479 3339 nonnullis
503 3287 550 3334 ex
565 3260 803 3362 Antltologin
826 3266 1001 3336 Graecor.
1020 3267 1226 3364 Epigram-

127 3377 261 3458 matis,
297 3393 465 3467 quorum
481 3380 614 3462 quarta
635 3361 753 3437 editio
771 3366 896 3438 lucem
916 3366 1033 3450 vidit,
1067 3362 1223 3467 lugolli.

129 3474 240 3550 1619.
267 3472 327 3546 12.
352 3558 356 3564 Ι

205 3595 269 3685 12)
300 3597 433 3669 Oratio
450 3573 591 3665 ortano
613 3592 658 3663 de
675 3592 827 3677 mundo,
847 3617 976 3692 graece
992 3617 1021 3663 c.
1032 3592 1225 3693 interpret.

173 3726 259 3774 neca
278 3701 369 3798 Cyri
386 3699 561 3779 Nicetne,
596 3718 709 3790 opera
724 3695 768 3765 A.
785 3697 852 3780 R..
878 3694 903 3763 i.
922 3720 952 3765 e.
971 3695 1045 3766 Ad.
1061 3695 1226 3769 Reclren·

126 3727 266 3905 grugii,
302 3798 412 3873 1692.
432 3790 470 3869 4.

202 3929 266 4010 13)
292 3927 412 3995 Binae
448 3924 646 3994 Orationes
676 3946 736 4021 gr.
769 3933 806 3992 et
835 3921 901 3992 lat.
941 3926 984 3991 V
982 3926 1083 3993 arios
1111 3923 1223 4006 lectt,

128 4039 370 4105 commentar.
389 4023 571 4118 duplicem
589 4038 625 4096 et
633 4017 779 4124 scholia
797 4048 986 4117 nunquam
996 4039 1111 4094 antea
1123 4025 1225 4095 edita

127 4158 175 4206 ex
193 4128 308 4203 Codd.
326 4116 453 4223 msptis
476 4122 571 4195 Bibl.
597 4129 634 4195 8.
655 4128 693 4195 8.
715 4124 861 4222 δφιοάἱ
875 4120 1106 4224 Mosquerfis
1123 4126 1225 4197 astte.
