2542 4724
85 294 87 299 ·
124 220 200 344 ars
459 266 540 337 ci
566 210 718 365 cm
751 262 786 354 §-
811 261 874 339 rs.

223 410 224 414 ‘
598 451 632 543 ς.
684 449 748 535 rs.

204 608 458 709 singularem
472 605 660 683 ordinem
678 623 717 680 et
732 606 781 680 iis
798 609 962 682 Patrum
976 608 1083 682 Eccl.
1103 605 1228 713 scrip·

131 717 182 791 tis
208 710 399 811 alfignare
424 711 540 799 licet,
578 706 934 812 quaecontrove'rsa
951 714 1010 783 vel
1027 713 1139 785 dubia
1157 738 1228 813 ap·

93 900 96 911 ,
160 812 272 890 ellari
294 808 475 912 poliunt,
514 811 707 907 quoniam
734 808 783 882 de
811 836 954 884 eorum
980 814 1225 888 Auctoribus

21 910 24 919 ’
128 844 377 1014 lisputatur,
414 910 512 1001 dum
535 912 602 984 alii
633 908 857 1000 affirmant,
902 912 1121 1012 composita
1154 914 1228 1003 ista

70 1074 74 1085 .
130 1018 299 1093 omnino
320 1040 342 1086 a
360 1006 651 1112 scriptoribus,
686 1037 863 1108 quorum
886 1015 1052 1086 nomina
1070 1041 1168 1115 prae
1186 1015 1226 1089 le

129 1116 269 1194 ferunt
286 1140 329 1188 ac
344 1140 419 1216 pro
436 1112 535 1201 illis‚'
556 1130 758 1210 tamquam
775 1116 1050 1189 monumentis
1069 1142 1228 1215 germa-

130 1221 217 1307 nis,
275 1230 455 1316 'ugnant,
493 1216 561 1288 alii
582 1230 715 1287 autem
731 1213 811 1288 hoc
833 1231 982 1314 negant
1002 1241 1046 1290 ac
1072 1216 1229 1316 dequi-

130 1321 208 1394 bus
234 1244 460 1419 ·<lisputatio
494 1312 559 1406 fit,
600 1315 726 1391 libros
761 1311 837 1389 elle
870 1315 1118 1394 adulterinos
1152 1318 1228 1393 sta-

129 1434 261 1496 tuunt.
316 1423 364 1492 In
389 1416 590 1490 eiusmodi
616 1415 907 1516 disceptatione
926 1443 992 1492 res
1016 1418 1228 1497 interdum

128 1524 266 1599 manet
290 1518 430 1607 dubia,
466 1517 627 1615 quando
644 1520 892 1616 Argumenta
907 1520 1120 1618 utriusque
1134 1547 1229 1623 par·

75 1623 80 1634 ’
131 1624 183 1722 tis
201 1621 344 1695 eadem
359 1617 560 1720 probandi
575 1619 725 1695 virtute
742 1619 899 1707 valent,
929 1636 1101 1695 autnon
1122 1623 1228 1697 mul-

130 1739 219 1797 tum
235 1720 361 1796 visua
379 1716 594 1796 differunt..
636 1723 873 1797 Innumero
889 1719 1040 1798 horuni
1057 1721 1230 1827 scripto·

130 1822 351 1900 rumsunt:
735 1823 742 1836 '
1134 1840 1143 1849 ·

39 1984 45 1999 '
124 2010 127 2015 ·
197 1968 200 1973 ⁸
234 1982 609 2061 Conmnnrtsllom.
630 1970 988 2076 duaeEpistolacad
1000 1965 1224 2054 Corinthios.

130 2082 301 2157 Priorem
318 2083 497 2152 nonnulli
523 2083 783 2173 monumentis
808 2082 1027 2155 adulterinis
1044 2108 1227 2156 annume-

57 2242 60 2255 .
130 2204 234 2269 rant,
270 2210 300 2256 e.
321 2210 356 2282 g.
373 2189 432 2254 Io.
450 2189 648 2266 Toninn,
682 2183 722 2252 in
750 2183 926 2282 Catalog.
954 2182 1098 2269 libror.,
1138 2184 1226 2256 cnr.

131 2299 169 2359 et
191 2275 321 2382 Apost.
348 2277 564 2383 adscriptor.
590 2288 676 2379 Cap.
693 2288 824 2356 XVIII.
850 2292 894 2367 T.
910 2291 1000 2486 Iff.
1020 2286 1130 2368 3923
1164 2292 1224 2381 Io.

30 2424 34 2437 ¹
129 2390 425 2467 Hunsnrurnn,
466 2386 509 2455 in
538 2378 815 2484 Caliactinischer
846 2389 946 2458 Gewi
975 2382 1156 2459 ensrourm
1186 2414 1224 2485 p.

129 2488 239 2574 9404
266 2491 364 2559 Ann.
383 2491 543 2571 Crnov,
570 2487 610 2556 in
622 2485 717 2556 Bibl.
731 2478 899 2578 illustrat.
913 2494 973 2572 IV,
985 2489 1094 2576 250.;
1123 2495 1226 2562 Can.

14 2585 20 2595 ¹
131 2596 277 2674 Samo,
315 2589 357 2658 in
384 2588 589 2658 Comment.
618 2588 882 2688 chiptychis
901 2593 1081 2661 Veterum
1103 2616 1143 2687 p.
1163 2591 1256 2664 39.·

130 2709 242 2786 atque
260 2689 323 2760 alii
330 2715 342 2773 3
376 2690 544 2784 plerique
571 2707 697 2760 autem
720 2689 957 2788 refragantur
979 2693 1053 2764 illis
1080 2717 1226 2791 aegra.

129 2792 301 2864 vioribus
319 2789 549 2890 argumentis
567 2788 747 2875 instructi,
764 2792 901 2863 merito
921 2790 1226 2890 affirmants-Epi.

63 2950 67 2956 .
128 2889 264 2966 stolam
282 2893 378 2962 hanc
393 2893 727 2964 vereaGlemente
748 2892 921 2989 scriptam
942 2893 1018 2966 elle.
1071 2899 1132 2967 De
1155 2919 1225 2991 po·

128 2989 280 3069 steriore
304 2989 470 3089 Epistola
491 2992 695 3066 sententiae
718 2995 898 3066 Virorum
926 2997 1132 3068 doctorum
1161 2995 1224 3069 iti·

131 3095 217 3168 dem
232 3096 329 3166 inter
345 3094 381 3166 se
398 3093 620 3188 discrepant.
676 3100 788 3182 Sunt,
825 3097 891 3192 qui
909 3098 942 3168 ei
964 3098 1137 3170 eamdem
1149 3094 1241 3169 'au··

129 3196 343 3270 ctoritatem
371 3220 457 3268 cum
479 3197 605 3291 priore
624 3197 819 3281 tribuunt,
856 3199 968 3270 ceteri
990 3215 1118 3270 autem
1143 3223 1224 3271 om·

126 3323 195 3371 nes
217 3300 422 3391 Scriptores
448 3316 663 3396 repugnant
681 3323 723 3371 ac
739 3298 904 3394 pretium
923 3301 1059 3370 harum
1080 3301 1225 3371 littera·

127 3425 216 3472 rum
238 3400 405 3469 multum
428 3398 682 3485 imminuunt,
718 3401 838 3472 immo
857 3420 1017 3500 negant,
1051 3403 1222 3474 Clemen-

125 3519 206 3572 tem
218 3501 418 3571 Auctorem
434 3508 561 3570 carum
576 3498 662 3584 effe3
683 3527 753 3596 qua
773 3501 818 3572 de
835 3502 1056 3599 relegendi:
1075 3509 1221 3575 Tnon.

130 3606 274 3686 inmo,
300 3600 340 3670 in
354 3593 546 3700 Diffcrtat.
568 3603 612 3672 cle
627 3601 802 3677 Patribus
818 3596 996 3701 apostol„
1014 3629 1110 3699 quae
1127 3604 1221 3677 eius·

131 3701 217 3774 dem
239 3700 413 3772 Biblioth.
439 3704 514 3772 ΡΡ.
540 3696 772 3800 apostolicor.
796 3704 987 3800 praemilla
1006 3703 1054 3777 est
1078 3730 1116 3800 p.
1135 3706 1219 3780 252

130 3823 168 3877 et
193 3811 252 3875 Io.
278 3807 323 3876 A.
349 3808 661 3875 D1nrncn1arnn
686 3808 723 3876 in
743 3812 791 3877 D.
813 3808 857 3876 de
883 3813 1116 3903 Fragmento
1141 3807 1224 3878 cte·

127 3910 261 3976 mentis
284 3909 412 3985 Rom„
448 3905 548 3998 quod
569 3899 634 4000 [nb
661 3911 808 3977 nomine
834 3903 1020 4005 Epfiolne
1034 3903 1238 4007 secundae

128 4008 180 4076 acl
199 4003 599 4090 Corinthioslmbetur,
632 4009 734 4079 Altd.
754 4008 862 4082 1749.
888 4014 925 4081 4.
986 4009 1120 4081 Medio
1144 4015 1238 4080 Sec.

126 4111 261 4181 xvu1.
296 4106 362 4178 sub
392 4110 644 4182 Cnnmnnnrs
678 4111 791 4183 huius
816 4112 975 4184 nominc
1005 4110 1101 4183 duae
1129 4113 1250 4183 aliae
