2542 4724
443 309 532 386 ct
560 333 595 383 ι».
621 316 686 383 ιιι.
739 314 773 404 §-
802 310 865 385 aa
1116 308 1193 392 245

85 498 283 593 Reliquias
297 510 412 594 atque
426 502 672 597 Fragmenta,
696 491 924 597 leesaurum
934 496 1140 572 catholicae
1153 515 1191 572 et

85 599 328 672 orthodoxae
350 591 534 697 Ecclefiae
562 615 598 672 et
627 604 863 696 antiquitatis
888 596 1104 701 religiosae,¹
1137 604 1191 673 ad

86 701 295 772 utilitatem
311 705 509 779 inventutis
515 693 760 801 scholasticae
778 703 983 789 collectum,
1011 704 1185 775 emendo·
1210 752 1214 763 ·

85 816 169 872 tum
200 792 385 901 digestum
418 817 454 875 et
490 806 757 874 corumentorio
791 828 936 899 quoque
965 795 1184 905 expositum,

82 900 194 975 111111.
214 904 324 978 1564.
348 903 384 975 4.
412 929 478 999 per
496 911 551 975 Io.
571 904 796 999 Oporinum.
848 904 1086 977 Exhibentur
1100 928 1185 979 non

83 1005 216 1076 lulum
238 1004 317 1101 ipsa
342 1011 543 1077 Poetarum
568 1006 752 1091 carmina,
787 1006 849 1078 led
867 1003 1008 1079 accelltt
1028 1020 1206 1102 quoque'

84 1108 406 1190 commentitiae,
434 1132 453 1177 a
475 1110 538 1178 Ge.
557 1104 727 1176 Fabricio
746 1108 997 1202 conscriptus,
1030 1109 1072 1179 in
1090 1132 1181 1205 quo,

82 1231 166 1278 uon
190 1207 318 1279 solum
336 1233 393 1280 res
415 1225 451 1279 et
468 1208 579 1279 verba
599 1207 813 1280 obscuriora
832 1211 1084 1304 explicantur,
1119 1210 1183 1282 sed
1229 1272 1232 1283 .

84 1329 121 1382 et
136 1304 317 1381 historica
332 1310 515 1405 quaedam
537 1334 618 1379 non
636 1311 819 1407 vulgaria,
842 1311 1086 1406 ipsorumque
1101 1313 1181 1382 Au·

82 1430 240 1483 ctatttm
255 1412 361 1482 Vitae
385 1411 490 1482 etad
511 1411 729 1482 carminum
752 1408 886 1509 genera
902 1412 1090 1506 quaedam
1102 1412 1181 1508 spc-

83 1512 248 1598 ctantia,
274 1510 452 1610 lingulati
469 1508 590 1584 studio
616 1513 804 1584 elaborata
827 1513 1052 1584 inseruntur.
1106 1513 1181 1609 Qui
1248 1534 1252 1551 ·

81 1611 326 1711 praetermillt
349 1613 456 1698 sunt,
489 1637 553 1685 eos
579 1632 725 1684 enarrat
747 1620 806 1685 Io.
829 1617 929 1686 Ant.
955 1620 1178 1686 Fanntctus

81 1713 462 1800 Btbttat.1,696.,
495 1733 608 1809 atque
627 1715 726 1785 iuter
749 1739 814 1788 eos
830 1712 963 1787 refert:
999 1720 1179 1785 Commo·

81 1817 263 1900 ilianum,
298 1817 515 1887 Paullinum
533 1817 801 1902 Petricorium,
837 1815 1069 1899 orientium,
1103 1820 1179 1887 En·

81 1918 242 1990 rudium
265 1936 379 2011 atque
403 1917 508 1989 alios.
561 1918 780 2012 Temporis,
817 1919 957 2012 quoin
981 1916 1179 1987 volumine

81 2020 157 2092 lroc
185 2019 338 2092 collecti
369 2018 576 2114 Scriptores
603 2019 799 2104 vixerunt,
842 2020 948 2090 nulla
974 2016 1102 2088 habita
1128 2013 1179 2089 est

80 2140 193 2194 mlo.

180 2252 383 2332 Iuvnuct,
421 2251 619 2332 Sanum,
654 2246 871 2319 Anatonts
898 2244 1017 2314 Sacra
1041 2236 1178 2341 Polsss,

80 2342 228 2447 [ummo
246 2374 335 2419 cura
355 2362 391 2418 et
415 2349 610 2446 diligentia
627 2352 822 2446 recognita
849 2364 885 2417 et
909 2347 1069 2432 collata,
1096 2359 1178 2415 tum

84 2474 111 2521 c.
134 2454 257 2523 variis
281 2448 518 2532 editionibus,
560 2442 779 2549 praesertim
810 2447 1054 2532 Fabriciona,
1096 2459 1178 2517 tum

81 2556 197 2625 etiam
213 2577 246 2623 c.
267 2544 388 2652 tnspto
407 2552 559 2637 Codice,
585 2551 710 2649 Lugd.
730 2551 839 2626 1588.
866 2552 926 2624 12.

179 2682 327 2751 loten.
356 2683 573 2761 Zununnt,
618 2678 724 2749 cuius
751 2703 839 2751 cura
867 2679 908 2753 in
940 2679 1066 2749 lucem
1087 2697 1177 2771 pro·

83 2778 255 2851 dierunt:
289 2781 476 2849 Diuorum
493 2783 653 2849 Petrum
677 2794 713 2850 et
730 2784 943 2851 Doctorum
960 2778 1084 2860 Eccl,
1115 2778 1196 2871 qui·

84 2882 253 2951 oratione
277 2879 400 2977 ligata
414 2872 659 2980 scripserunt,
686 2876 941 2981 Paraplrrases
957 2894 994 2953 ct
1008 2878 1177 2951 Medita-

86 2985 206 3053 tiones
224 2984 263 3052 in
287 2984 499 3078 Evangelia
523 2983 782 3069 dominicalia,
816 2972 998 3083 ediverstp
1015 2972 1178 3080 ipsorum

79 3075 224 3183 [criptis
241 3082 435 3167 collectae,
462 3082 561 3178 Lips.
580 3083 692 3158 1602.
715 3085 751 3161 8.

183 3210 328 3282 Poetae
344 3213 472 3308 graeci
490 3201 676 3304 christiani
685 3264 694 3295 ,
728 3236 804 3282 una
822 3237 852 3281 c.
869 3209 1063 3280 homericis
1081 3207 1175 3279 Cen·

83 3308 229 3385 ionibus
253 3336 301 3383 ex
324 3314 389 3381 SS.
412 3310 571 3381 Patrium
597 3310 767 3408 operibus
793 3312 935 3382 collecti
960 3324 998 3382 et
1018 3323 1176 3405 utroque

85 3404 374 3516 liuguaseotfim
392 3414 498 3496 editi,
525 3418 613 3483 Lut.
633 3418 712 3484 Par.
732 3414 842 3487 1609.
872 3413 907 3486 8.

185 3542 314 3636 Opera
340 3554 377 3611 et
405 3544 639 3638 Fragmenta
666 3553 755 3613 vett.
780 3542 987 3610 Poetarum
1011 3539 1175 3620 Iatinon,

86 3639 336 3742 profanorum
360 3655 395 3712 et
423 3632 742 3738 ccclcfiasticorum
766 3641 867 3730 (cur.
887 3645 1021 3721 Mtctt.
1041 3644 1177 3710 Mm-

89 3740 257 3833 tutnn),
298 3743 423 3816 Lond.
444 3741 554 3818 1715.
581 3749 629 3815 11.
654 3742 724 3815 fol.
793 3748 927 3815 Poetae
952 3736 1178 3813 ecclefiafiici

89 3842 153 3917 hac
169 3844 399 3915 collectione
415 3844 506 3915 editi
524 3843 628 3915 lunt:
660 3845 928 3927 Tertullianus,
955 3842 1177 3937 Cyprianus,

91 3949 293 4031 Iuvencus,
319 3946 497 4028 Hilarius,
526 3936 672 4019 Marius
687 3947 918 4029 Victorinus,
946 3938 1178 4022 Ambrosius,

94 4046 292 4129 Damasus,
333 4048 582 4133 Prudentius,
622 4050 815 4134 sedulius,
851 4046 1020 4120 Alcimus
1043 4043 1180 4117 Avitus
1228 4078 1234 4089 ¹

98 4165 201 4244 utque
219 4147 293 4221 1111.
