2542 4724
401 286 670 369 canxv.
721 284 759 377 5.
787 282 873 365 140.
925 344 929 353 .
1101 280 1181 367 765

82 472 268 559 stolorum
285 500 416 563 mena,
443 498 559 573 quam
574 498 649 549 nos
664 475 726 549 vel
744 474 898 549 summis
914 468 1045 550 lludiie
1061 500 1105 551 rc
1118 477 1179 553 in-

85 578 222 653 desello
247 579 378 651 labore
400 603 483 651 eam
510 575 646 670 alloqui
673 574 887 672 pollumuss
927 578 968 669 3)
1000 580 1107 674 quod
1129 580 1177 653 ab

83 679 275 777 Apostolis
293 699 329 753 et
346 680 538 775 Spiritus·
555 679 709 761 delecti,
735 695 779 749 ut
799 679 910 749 rebus
932 677 1178 757 ecclesiasticis

82 780 302 879 praeeffent,
332 799 367 852 et
386 779 596 852 doctrinam
620 779 868 873 ipsunaqueS.
885 785 1096 899 Cononem,
1129 782 1177 855 ab

82 880 276 979 Apollolis
293 901 440 977 accepta
461 878 641 953 Ecclesiae
660 880 857 963 traderent,
886 880 971 952 sunt
986 900 1125 978 optrmr
1140 888 1178 957 S

84 985 276 1059 Canonis'
265 1002 505 1078 interpretem
532 1006 574 1053 ac
598 978 759 1053 srdilsrmi
784 978 1009 1077 apostolicae
1030 984 1120 1057 fidei
1134 1008 1179 1059 ao

84 1086 291 1159 catholicae
309 1085 476 1156 veritatis
496 1083 715 1166 traditores,
742 1083 839 1155 adeo
867 1101 911 1154 ut
927 1084 1034 1158 nefas
1051 1083 1096 1158 fit
1111 1102 1180 1159 aut

83 1174 253 1261 inscitiae
278 1205 343 1259 aut
370 1184 513 1257 fraudis
540 1210 604 1257 eos
628 1182 864 1269 insimulare3
903 1184 946 1276 ll)
979 1186 1084 1282 quod
1107 1210 1178 1261 eoa

84 1313 267 1363 eorumve
293 1289 411 1361 sacrae
434 1283 1178 1383 fideiacScripturarum1nterpretatio-
1201 1340 1204 1347 -

82 1414 152 1464 nes
182 1392 242 1465 val
268 1391 416 1462 relicere
450 1390 511 1460 vel
532 1388 738 1484 negligere,
775 1387 896 1461 modo
925 1388 1075 1461 desrde
1107 1407 1177 1463 aut

85 1492 259 1565 doctrina
279 1509 429 1588 agatur,
458 1485 507 1560 est
528 1490 573 1559 de
589 1489 705 1559 salute
723 1488 785 1560 sua
803 1489 1024 1584 periclitari;
1053 1492 1175 1563 modo

37 1612 41 1619 '
85 1594 135 1667 de
150 1592 394 1664 essentialibus
412 1543 629 1686 disciplinae
645 1607 711 1679 aut
726 1589 909 1689 regimine
927 1589 1178 1679 ecclesiastico,

84 1696 325 1767 temerarium
346 1690 413 1777 est,
439 1693 636 1774 illicitum,
663 1716 705 1763 ac
720 1710 866 1787 praeter
891 1688 1178 1767 constitutiones

82 1794 266 1871 Ecclesiae
290 1794 514 1878 catholicam
541 1792 583 1881 5)
607 1792 755 1886 quodsi
778 1792 1012 1866 haecomnia
1031 1793 1178 1894 integra

84 1896 229 1971 servare
251 1898 434 1977 velimus,
471 1920 566 1988 quae
593 1894 668 1963 huc
691 1895 784 1965 illuc
806 1920 876 1990 pro
903 1897 1068 1967 humana
1100 1914 1180 1969 arte

86 2016 154 2071 aut
171 1994 300 2069 astutia
325 1993 510 2067 diabolica
534 1997 675 2066 incerta
690 1997 838 2079 iactari,
865 2002 923 2067 SS.
941 1997 1112 2071 Patribus
1130 1994 1181 2071 est

84 2100 366 2173 adhaerendum
383 2096 581 2191 religiosot
608 2094 650 2186 6)
675 2096 781 2191 quod
802 2094 830 2168 st
848 2114 950 2167 tanta
974 2096 1019 2169 lit
1040 2100 1183 2173 horum

86 2201 281 2285 autoritas,
309 2222 516 2293 eorumque
534 2197 724 2269 doctrinae
739 2196 783 2269 srt
796 2195 1048 2286 insistendum,
1076 2199 1183 2273 nobis

84 2302 302 2401 praesertim
319 2303 364 2371 <le
383 2300 509 2385 Claro,
537 2297 691 2371 fifidem
713 2324 800 2371 vere
820 2301 1043 2372 catholicam
1059 2320 1096 2373 et
1112 2304 1182 2375 do·'

86 2404 248 2477 ctrinam
266 2428 309 2473 et
313 2400 537 2499 angelicam
566 2400 746 2496 quicquid
763 2427 783 2473 e
800 2420 930 2473 contra
947 2397 1008 2473 vel
1025 2403 1181 2477 summis

84 2504 233 2603 ingenii
257 2504 399 2575 viribus
423 2503 637 2573 moliuntur
659 2505 846 2574 Haeretici
870 2520 907 2575 et
932 2505 1183 2594 Sclrismatici,

85 2608 251 2681 velimus
275 2604 445 2676 habere
434 2622 597 2701 rntegras
621 2622 657 2675 et
680 2605 901 2689 inviolatam
928 2603 956 2677 sr
980 2605 1182 2683 Ecclesiam

85 2704 252 2783 nostram
272 2707 316 2778 ab
335 2706 522 2777 erroribus
533 2710 562 2775 F
565 2704 712 2777 calefiao
727 2730 906 2778 romanae
922 2708 1182 2807 depurgatum,

87 2808 171 2883 ab
87 2809 297 2903 atneptis
312 2808 459 2878 Calaini
482 2807 673 2905 figmentis
697 2807 858 2881 alienam
875 2807 1073 2882 defendere
1090 2810 1182 2883 veli

85 2934 196 2993 mus,
223 2908 408 2981 arcellam
434 2904 483 2979 'est
508 2908 701 3003 antiquam
724 2906 909 2995 nostram,
938 2910 999 2981 led
1016 2912 1184 3007 antiqui·

84 3028 166 3085 tate
189 3009 252 3083 sua
276 3010 531 3081 seneranrlam
554 3036 598 3081 ac
620 3010 817 3083 amabilem
831 3016 994 3083 Matrem
1012 3014 1185 3109 exquira-

84 3138 193 3198 mus,
221 3130 259 3182 et
280 3136 374 3207 quae
392 3111 563 3182 docuerit
577 3110 777 3207 apollolica
795 3132 831 3184 et
853 3112 1042 3209 primaeva
1058 3117 1184 3190 Eccle-

85 3212 137 3287 sia
170 3218 272 3285 eSS.
306 3214 477 3283 Patribus
512 3212 744 3285 discamus.“
806 3212 862 3285 Cf.
888 3221 947 3287 Io.
971 3218 1085 3289 Bran
1114 3222 1186 3293 Or.'

85 3316 137 3387 de
158 3318 477 3409 primaerar.1'l’.
504 3318 754 3396 auctor-iram
778 3314 819 3387 irl
836 3318 975 3389 llusar,
1005 3318 1094 3391 edit.
1111 3326 1190 3395 1‘1’.=

86 3414 281 3512 apoliolic.
314 3418 398 3489 Vol.
426 3422 454 3487 1.
515 3422 600 3512 Quo
641 3418 761 3489 modo
798 3436 924 3490 aurem
957 3424 1084 3497 Patres
1114 3428 1185 3497 Ec·

86 3518 215 3591 uenae
245 3516 317 3591 lint
344 3518 513 3617 legendi,
548 3534 591 3589 ut
619 3519 761 3591 utilitas
788 3546 834 3591 ox
858 3546 993 3594 eorum
1018 3524 1185 3599 lectione

86 3618 267 3713 capienda
301 3620 348 3691 ad
381 3644 453 3693 nos
478 3618 684 3705 redundet,
725 3620 897 3715 pluribus
931 3624 1191 3700 domoullraro.

85 3720 157 3793 libi
201 3716 327 3792 surrilit
369 3728 690 3795 Bouaveuruna
734 3726 817 3793 Ara
792 3716 1013 3821 gorreufis
992 3752 1043 3797 an
1083 3731 1187 3801 I'etr‘t

93 3820 228 3891 Traite'
252 3824 297 3891 cle
326 3826 363 3893 la
393 3823 529 3891 haltere
557 3824 620 3891 des
644 3822 756 3893 Peres
786 3826 831 3894 tle
855 3826 951 3895 l’liv
921 3826 1035 3925 glise,
1070 3852 1118 3899 ou
1147 3830 1188 3903 la

86 3924 270 3995 Metlrorle
287 3950 383 4016 prnrr
399 3925 449 3993 les
467 3926 533 3995 lire
551 3922 752 4007 utilemeut,
777 3930 854 3997 Par.
871 3928 1014 3999 llil'lbot
1030 3930 1091 4003 97
1110 3932 1186 4017 12,

89 4046 158 4119 qur
148 4024 266 4099 liber
279 4027 395 4095 latino
412 4026 626 4097 reddituaet
635 4026 780 4098 auctior
796 4030 941 4123 prodiit
964 4030 1029 4099 lub
1048 4031 1188 4109 titulo:

87 4128 315 4221 lle-optimu
329 4127 572 4225 legendorum
587 4126 687 4199 Eccl.
702 4128 1065 4218 Potrumllletlrodo,
1089 4136 1187 4209 Tra·
