2542 4724
111 292 189 365 712
423 242 903 371 daldun-§.134

112 473 186 573 Ipli
224 472 450 549 Tertulliani
490 491 631 541 errores
669 459 804 562 pullim¹
838 465 883 535 ab
924 465 1089 555 mnditia
1125 466 1222 543 Viris

115 580 206 651 lunt
236 576 372 645 notati.
431 572 527 669 Legi
554 564 709 663 poliunt
741 568 840 638 Anu.
866 571 1119 641 Scun'rnuus
1142 574 1224 641 Me-

119 678 208 749 dull.
236 676 346 747 tlieol.
365 678 471 743 Patr.
499 698 535 766 p.
551 667 662 755 2423
688 674 767 739 Iac.
788 672 1011 739 anuuus
1038 669 1085 739 in
1106 670 1225 741 Paro·

117 780 227 849 doxis
270 775 512 855 Tertulliani,
565 794 662 864 quno
694 766 885 863 praemilla
918 767 1007 838 sunt
1038 772 1224 845 Eiusdem

119 873 404 953 Annotatlonill.
415 878 452 943 in
466 871 686 942 Tertulliani
697 873 820 963 Opera
828 896 844 946 ‚·
859 876 1109 943 Paonntnus
1123 878 1225 944 Gau·

121 1002 311 1051 nunnus
328 978 369 1045 in
386 972 547 1044 Salebris
562 971 829 1054 Tertullianum,
848 972 1014 1041 Florent.
1034 972 1150 1045 1639.
1167 974 1225 1053 42·

22 1076 25 1083 ’
123 1062 747 1166 Tuom.lun1o1us8elect.l1ist.
775 1065 892 1170 ecclef
921 1074 1041 1171 Capp.
1067 1078 1151 1145 Sec.
1170 1080 1222 1144 II.

122 1184 211 1272 Cap.
229 1179 272 1249 3:
290 1180 386 1247 Sect.
405 1182 451 1255 ll.
478 1180 513 1265 ᾗ.
531 1174 555 1246 6
573 1173 649 1271 sqq.
669 1170 830 1269 p.239.;
852 1179 910 1244 Io.
929 1178 1166 1248 Daunus
1183 1174 1223 1249 de

132 1272 211 1379 lusu
226 1283 386 1349 Patrum
399 1302 437 1373 p.
453 1275 538 1350 259.

225 1436 446 1501 Mmuctus
463 1434 597 1503 Fumx
609 1424 792 1503 existimat
808 1430 939 1501 Octav.
958 1436 998 1501 C.
1018 1431 1221 1515 30.,nu110

123 1531 244 1617 modo
267 1531 519 1603 homicidium
545 1532 694 1603 licitum
722 1528 807 1603 elle:
835 1530 964 1615 Nobis,
982 1533 1137 1628 inquit,
1161 1534 1222 1605 lio·

126 1633 316 1707 miciclium
339 1656 407 1703 nec
429 1632 552 1702 videre
571 1631 650 1728 fao,
677 1657 741 1703 nec
758 1633 905 1731 aimiref
933 1648 1163 1729 tantumque
1177 1630 1219 1705 ab

125 1730 289 1807 humano
302 1726 492 1833 sanguiue
516 1758 699 1817 cavemus,
725 1747 849 1817 ulnec
869 1734 1032 1805 edulium
1045 1760 1219 1831 pecorum

125 1838 164 1907 in
197 1832 287 1905 cibis
318 1827 546 1935 sanguinem
579 1838 799 1907 novenintus.
851 1837 1044 1907 Nonnulli
1088 1854 1219 1909 notant

125 1960 294 2037 quoque,
331 1959 426 2029 quae
449 1941 535 2030 Cap.
561 1938 623 2011 27.
655 1936 758 2007 hunc
788 1936 828 2007 in
862 1937 1027 2009 modum
1060 1936 1217 2033 scripsit:

77 2074 81 2081 ¹
124 2039 271 2131 Impnri
302 2039 462 2131 Spiritus
493 2042 720 2122 Daemones,
754 2051 794 2106 ut
819 2030 996 2134 ostensuri:
1022 2066 1050 2109 a
1080 2040 1216 2137 Magis,

128 2164 155 2211 a
177 2132 407 2237 Pltilolopliis
432 2151 469 2209 et
486 2164 510 2209 a
523 2141 695 2224 Platone,
709 2132 774 2235 sub
784 2130 923 2234 statuis
940 2155 977 2209 et
996 2140 1218 2239 imaginibus

129 2230 335 2335 consecrati
375 2236 590 2311 delitescunt
618 2255 655 2312 et
687 2226 822 2333 afflatu
842 2236 909 2336 [aa
940 2248 1216 2327 auctoritatem,

128 2332 233 2435 quast
243 2333 444 2439 prodentis
460 2345 629 2425 numinis,
647 2334 921 2441 consequuntur,
933 2342 1024 2439 (lum
1043 2338 1216 2439 inspirant

128 2444 275 2527 interim
292 2456 415 2526 volet,
432 2444 521 2515 dunt
533 2442 639 2537 fanis
655 2447 912 2524 immorantur,
930 2442 1019 2512 dum
1040 2468 1216 2515 nonnum·

125 2568 243 2636 quiam
275 2556 447 2614 extorum
462 2540 584 2641 fibros
611 2548 793 2628 animant,
822 2548 945 2615 avium
969 2544 1122 2614 uolatus
1152 2572 1216 2644 gn-

127 2642 297 2725 bernant,
321 2637 441 2742 sortes
467 2659 615 2743 regunt,
642 2646 795 2718 oracula
822 2632 981 2739 efficium
1002 2638 1115 2745 salfis
1140 2648 1216 2743 plu·

128 2742 228 2817 ribus
242 2746 422 2817 involuta.

229 2886 465 2954 cumanus
495 2907 649 2978 quoque
667 2879 794 2955 statuit
809 2908 852 2955 ao
869 2880 1020 2977 scripfit,
1040 2910 1140 2980 qnae
1154 2884 1217 2957 mi·

127 3007 200 3054 nus
224 2982 421 3076 probanda
445 2983 542 3054 sunt.
595 2990 639 3055 In
661 2986 938 3055 concertatione
957 2985 1003 3054 de
1022 2990 1216 3083 Baptismo

128 3086 413 3156 Ilaereticormn
444 3086 628 3157 oberravit
660 3088 818 3156 omnino
852 3112 873 3157 a
903 3086 1075 3169 veritate,
1105 3112 1218 3181 quum

127 3185 367 3281 Baptismum
397 3186 505 3257 illum
531 3190 642 3281 plane
666 3188 832 3258 reliceret
864 3205 976 3282 atque
1010 3186 1217 3267 affirmaret,

129 3310 216 3355 eum
251 3286 359 3361 omni
389 3286 428 3358 vi
460 3306 571 3381 atque
606 3290 827 3360 auctoritate
860 3314 991 3360 carere.
1047 3296 1108 3362 De
1142 3288 1216 3385 iplo

126 3386 336 3480 Baptismo,
352 3388 393 3457 in
411 3388 445 3459 se
465 3388 641 3483 spectato,
660 3413 951 3484 nonnumquam
966 3392 1018 3461 ita
1037 3392 1218 3487 loquitur,

128 3506 174 3559 ut
189 3484 347 3561 statuero
366 3489 548 3571 videatur,
569 3491 679 3559 illum
697 3491 863 3561 absoluto
880 3490 1127 3564 necessarium
1147 3490 1218 3573 elle,

127 3587 154 3659 li
170 3590 253 3683 quis
265 3588 528 3683 sempiternam
542 3590 759 3663 felicitatem
771 3592 945 3686 consequi
955 3594 1064 3663 velit.
1120 3594 1219 3665 Idem

126 3688 310 3787 fignificat
340 3691 386 3762 de
419 3698 453 3763 S.
483 3698 620 3777 Coena,
652 3710 696 3763 ut
726 3698 781 3763 Io.
807 3699 1036 3765 Dnnnnnus
1069 3694 1116 3765 tle
1143 3684 1219 3789 Usu

125 3792 287 3865 Potrum
307 3788 389 3863 Lib.
414 3797 468 3865 ΙΙ.
501 3801 588 3889 Cap.
615 3790 651 3865 4.
678 3819 715 3887 p.
744 3792 818 3865 263
844 3793 892 3887 sq.
924 3790 1104 3867 ostenditi
1163 3802 1219 3867 In·

126 3893 258 3989 primis
290 3894 504 3965 notandum
530 3892 598 3979 est,
624 3895 730 3986 quod
755 3894 947 3988 Episcopis
974 3897 1084 3989 plus,
1109 3920 1217 3991 quom

131 3996 247 4079 decet,
266 3997 405 4066 tribuat
423 4014 460 4066 et
476 3997 633 4069 nimiam
649 3997 928 4068 venerationem
946 3997 1217 4067 obedientiam·

129 4120 201 4197 que
222 4123 308 4203 erga
329 4121 397 4171 eos
414 4097 590 4199 requirat.
641 4103 743 4179 lutet
759 4098 831 4170 un
846 4088 1001 4195 Epistol.
1022 4100 1087 4171 27.
1106 4124 1144 4197 p.
1160 4098 1215 4171 37.
