2542 4724
114 254 191 331 322
455 247 491 323 C
519 266 546 319 t
572 268 608 321 e.
645 252 689 325 V.
725 242 774 357 Ι1.
802 244 862 325 56.

119 436 322 524 1640.12.;
350 435 397 507 de
412 437 624 523 Patientia,
650 433 786 513 itidem
801 434 1007 535 interprete
1020 435 1218 525 Hebien‘o,
1249 446 1255 455 '

118 550 200 618 Per.
211 536 323 615 1640.
340 538 419 622 12.;
449 536 496 609 de
514 537 665 609 Corona
681 539 830 635 militis,¹
847 562 963 635 quem
977 538 1121 613 librum
1134 564 1222 615 ver·

118 660 250 719 terunt
273 636 429 713 Aubert.
456 638 503 710 de
524 644 699 725 Macere,
752 644 832 711 Per.
852 636 961 715 1563.
998 658 1036 713 et
1059 642 1220 715 Florim.

117 744 354 825 Remondus,
391 746 472 812 Par.
491 738 600 815 1594.
625 741 684 821 8.;
726 740 773 813 de
801 741 923 813 Corne
948 732 1081 839 Chresti
1108 760 1149 817 et
1172 742 1225 817 tle

122 840 414 949 Resurrectione,
441 865 556 938 quent
575 842 928 939 interpretationem
956 842 1137 917 debemus
1153 870 1234 919 ιιιι·Ι

72 1025 77 1035 ,
102 970 185 1023 tea
207 961 420 1019 memorato
446 943 543 1013 Lud.
563 946 688 1029 Girio,
714 949 795 1014 Par.
815 944 925 1017 1661.
944 944 1001 1028 8.;
1030 946 1083 1016 od
1105 946 1224 1018 Mor·

123 1064 251 1152 tyreu·
273 1071 386 1142 quem
399 1042 542 1116 librum
556 1061 704 1139 praeter
721 1045 873 1116 Florinz.
889 1048 1127 1119 Remondum
1143 1050 1225 1149 gol·

122 1155 196 1225 lieo
227 1149 494 1245 interpretatus
532 1141 583 1218 est
617 1146 728 1217 Paul.
772 1138 1016 1245 Caumestes,
1068 1152 1223 1248 Rupell.

125 1251 236 1327 1673.
260 1250 296 1325 8.

118 1390 122 1397 “
152 1388 159 1397 ’
224 1382 414 1452 Mtnucn
434 1378 603 1449 Futtcts
626 1377 815 1462 Octavius,
835 1366 1122 1475 qui'interprete
1134 1380 1222 1449 Nic.

29 1544 36 1560 .
120 1488 289 1577 Perroto'
306 1476 553 1551 Ablancurtt’o
575 1466 739 1571 prodiit,
774 1485 853 1549 Par.
871 1474 981 1553 1646.
999 1478 1061 1552 62.
1087 1480 1149 1552 12.
1186 1498 1225 1551 et

124 1584 252 1703 lotinie
275 1581 465 1679 eregione
482 1576 632 1675 positis,
652 1577 761 1675 Lips.
782 1578 891 1655 1689.
921 1580 982 1653 12.

227 1707 437 1783 Cunnum
456 1706 595 1801 Opera,
623 1729 790 1802 quorum
808 1708 995 1807 ptaeclara
1011 1708 1147 1809 gallice
1161 1711 1224 1781 iu·

124 1811 342 1911 terpretatio
370 1809 473 1878 hunc
496 1806 654 1879 titulum
677 1832 767 1903 prae
790 1807 827 1880 le
841 1806 934 1887 fert:
970 1814 1041 1881 Les
1060 1813 1226 1883 Oeuures

125 1922 172 1989 ele
188 1919 225 1986 S.
246 1913 427 2011 Cyprien,
453 1912 604 2004 Evtque
620 1908 666 1979 de
683 1906 877 2009 Carthago
895 1924 931 1982 et
945 1910 1121 2012 Martyr‚
1141 1928 1223 1984 tro·

127 2022 246 2091 duites
263 2040 305 2085 en
322 2011 501 2105 Franfois
518 2034 593 2105 por
608 2010 1022 2100 PierreLomlert,
1045 2040 1138 2085 avec
1158 2016 1224 2087 des

125 2126 371 2211 Benearques,
389 2137 463 2184 une
476 2109 644 2181 nouvelle
662 2114 705 2182 V
702 2115 736 2182 ie
752 2114 798 2183 de
812 2116 850 2183 S.
862 2116 1043 2211 Gynden,
1063 2114 1159 2187 tire'e
1176 2116 1222 2186 de

115 2218 177 2325 ses
196 2218 305 2290 ecrite
324 2230 360 2286 et
376 2240 447 2284 une
462 2210 563 2283 table
580 2214 643 2284 des
658 2217 831 2299 nuntient,
854 2218 1038 2297 Rothom.
1050 2216 1162 2291 1716.
1182 2214 1219 2291 4.

126 2321 266 2397 Gallice
289 2341 442 2413 quoque
471 2315 598 2386 lucem
618 2314 797 2387 viderunt
826 2318 1005 2411 Cypriani
1031 2310 1224 2416 Epistoloe

123 2450 191 2521 per
206 2428 285 2493 Iac.
307 2422 465 2516 Tigeon,
490 2421 571 2487 Par.
591 2412 701 2491 1574.
727 2416 797 2491 fol.
826 2436 864 2489 ot
879 2443 945 2514 per
960 2418 1221 2525 Lomlterturn,

125 2552 156 2599 c.
171 2523 276 2598 notis
294 2546 336 2591 ac
351 2519 433 2591 vita
450 2517 647 2612 Cypriani,
673 2524 754 2591 Par.
772 2516 882 2591 1672.
908 2518 945 2591 4.
974 2546 1052 2617 quo
1080 2538 1119 2593 et
1141 2520 1222 2617 spe·

117 2620 248 2701 etant:
276 2627 420 2692 Lettres
435 2617 517 2690 eleoi
532 2644 583 2689 ees
598 2620 644 2689 cle
659 2623 697 2690 8.
718 2623 879 2719 Cyprieu
896 2648 974 2692 aux
992 2614 1225 2723 Confeffeurs

124 2744 161 2799 et
178 2752 255 2799 oux
271 2726 468 2820 Martyrs,
503 2744 592 2792 avec
611 2721 674 2792 des
691 2724 920 2817 Remnrques
945 2714 1166 2823 ltistort'ques'
1186 2740 1223 2797 et

122 2826 305 2912 morales,
331 2818 482 2896 Antstel.
502 2822 613 2896 1688.
641 2824 701 2895 12.
720 2817 755 2915 ’)
848 2868 852 2875 -

131 2968 134 2975 ·
222 2958 463 3023 Laenium
480 2950 645 3025 Divinae
671 2940 944 3044 Institutiones,
978 2978 1141 3051 quarum
1164 2958 1223 3027 in·

121 3051 340 3151 terpretatio
358 3051 489 3147 gallica
508 3050 604 3137 (Des
619 3051 758 3122 cliuines
777 3045 1008 3149 Institutions
1025 3072 1155 3129 contre
1171 3058 1222 3129 les

121 3156 284 3229 Gentiles
296 3150 541 3239 etlclolcltres)
559 3151 729 3245 publicae
744 3154 823 3225 luci
841 3155 1012 3251 exposita
1028 3156 1117 3243 fuit,
1138 3164 1222 3231 Par.

119 3256 231 3333 1546.
256 3256 312 3341 8.,
346 3251 469 3351 Lugd.
490 3252 599 3327 1563.
629 3254 709 3341 12,
754 3280 784 3326 c.
821 3256 1017 3350 praemillo
1046 3284 1225 3333 errorum

118 3356 310 3432 Lactantii
326 3358 521 3453 catalog0‚
549 3354 656 3427 cuius
671 3354 851 3443 verlionis
869 3377 999 3432 auctor
1016 3354 1066 3431 est
1080 3364 1222 3431 lleuat.

119 3466 289 3533 Fameus.
345 3458 565 3527 Translatus
590 3480 744 3551 quoque
769 3454 820 3529 est
847 3460 888 3529 in
913 3461 1087 3559 linguam
1112 3462 1224 3559 galli·

118 3588 201 3633 com
220 3559 329 3631 Liber
346 3563 489 3653 primus
510 3546 789 3650 Institutionum
807 3588 830 3629 a
851 3564 1022 3632 Droveto
1041 3564 1224 3635 (106100-

115 3668 274 3759 pertuis,
301 3658 628 3733 Avenione1710.
657 3661 714 3732 12.
733 3660 792 3749 **)
848 3662 1091 3736 Memoratur
1109 3688 1224 3758 prae·

113 3847 324 3869 „a

144 3954 178 4023 ⁹)
196 3950 302 4010 ΒΑιιιι
318 3946 481 4003 Nouuelles
496 3947 533 4002 ele
556 3946 586 4001 lo
601 3948 726 4019 nepum.
744 3951 794 4003 des
810 3949 910 4005 lettres
928 3970 952 4009 a.
972 3958 1045 4010 1688.
1062 3971 1103 4011 tn.
1121 3954 1217 4010 Mart

143 4025 296 4177 ”llllii
314 4104 350 4156 cle
369 4102 514 4157 Treooux
529 4118 556 4157 t.
571 4107 648 4161 1712.
668 4120 709 4159 m.
724 4102 796 4157 Dec.
814 4120 843 4173 p.
858 4110 935 4163 2055.
