2542 4724
450 291 529 389 03
555 311 590 357 e.
623 291 672 361 X.
723 285 873 425 §983
1102 284 1181 367 569

83 495 157 569 pro
170 464 312 572 sancto
330 462 623 567 Christianorum
643 471 843 570 religione,
870 466 1044 573 adversus
1067 472 1182 551 libros

83 576 190 669 impii
204 575 343 644 lnlioni
358 574 593 669 composuit,
617 574 660 643 in
677 573 803 645 decem
817 570 938 647 libros
956 575 1129 648 divisum.

186 678 361 746 Annene
391 673 532 745 Gozaei
553 675 764 773 Dialogus,
800 675 866 769 qni
890 700 1030 747 nomen
1047 676 1181 751 *Tlreo-

79 767 225 874 plrrosti
247 773 428 870 praefert,
458 777 503 845 de
527 779 737 871 animorum
762 777 1047 848 immortalitate
1068 792 1106 847 et
1121 802 1182 850 re·

70 871 303 977 surrectione
325 879 508 972 corporis,
540 877 609 946 hac
636 875 681 946 de
704 875 809 946 cansa
832 876 868 944 h.
884 877 910 946 1.
932 895 1181 966 memoratur,

82 976 268 1073 quoniam
294 975 340 1048 de
362 1004 404 1047 re
424 978 600 1072 exponit,
627 977 725 1047 inter
742 972 969 1050 Christianos
992 1002 1035 1051 ac
1048 978 1181 1053 Philo-

80 1078 226 1176 sophos
245 1101 415 1176 paganos
434 1102 479 1152 eo
500 1095 672 1174 tempore
691 1077 948 1152 controversa.

559 1281 595 1372 §.
646 1278 710 1355 98.

184 1445 377 1527 Pauciora
392 1445 782 1539 suntmonumente,
810 1470 912 1547 quae
936 1450 1084 1524 latini
1102 1450 1182 1527 Ec·

83 1545 368 1626 cleliaePatres
387 1577 463 1651 pro
483 1550 682 1650 religione
701 1548 910 1625 christiana
928 1564 1067 1626 contra
1083 1578 1180 1654 pro·

80 1648 198 1727 fanos
217 1650 355 1769 gentes
374 1652 518 1725 litteris
536 1649 832 1751 consignarunt.
878 1652 978 1741 Alia,
1004 1672 1182 1751 quorum

80 1776 282 1827 memoria
307 1753 414 1852 opud
440 1756 604 1826 Veteres
635 1750 867 1827 conservato
889 1752 965 1843 est,
1009 1767 1181 1828 aetatem

80 1850 195 1927 haud
209 1854 402 1943 tulerunt,
427 1850 496 1926 sed
509 1852 771 1943 interierunt,
800 1853 874 1927 alia
891 1868 1024 1927 autem
1040 1850 1092 1927 ad
1100 1846 1179 1929 r'ros

67 1970 373 2057 pervenerunt.
427 1954 636 2028 Translata
651 1954 720 2027 illa
736 1952 827 2028 sunl:
848 1952 899 2027 ad
913 1952 1030 2027 usum
1046 1952 1183 2055 publi·

83 2076 180 2129 cum
194 2055 394 2153 nobisque
412 2056 629 2129 utilitatem
639 2055 799 2139 ,variam
819 2055 1023 2156 praebent.

152 2190 159 2271 ’,
186 2184 288 2256 Varii
303 2183 390 2255 libri
408 2190 721 2270 Tenebrium,
743 2207 847 2254 nunc
865 2181 1059 2277 deperditi,
1079 2182 1182 2281 apud

80 2286 234 2358 Veteres
253 2303 620 2357 commemorantur:
655 2285 769 2357 Liber
788 2283 833 2355 de
848 2274 1107 2382 superstitione
1127 2278 1180 2382 se·

84 2386 184 2464 culi,·
216 2387 329 2458 Liber
356 2386 401 2457 de
413 2380 484 2485 spe
499 2382 689 2483 fidelium,
724 2386 830 2457 cuius
848 2388 991 2456 mentio
1010 2384 1054 2457 fit
1077 2382 1181 2481 epud

78 2489 392 2559 thnonunuin
417 2489 462 2558 de
481 2488 580 2557 Viris
596 2478 791 2583 illustribus
807 2491 893 2580 Cap.
904 2490 1050 2570 xvt11.;
1065 2486 1182 2559 Liber
1227 2552 1230 2559 .

82 2600 218 2658 contro
235 2591 394 2672 Fatum,
420 2613 533 2682 quem
549 2588 681 2659 habuit
697 2594 971 2659 Funcnnrtus
996 2605 1109 2682 atque
1135 2613 1182 2660 ex

84 2711 135 2761 eo
160 2712 278 2784 pauca
301 2689 474 2784 protulit.
529 2688 604 2761 Sub
619 2692 806 2760 M1nuc11
828 2692 998 2758 Fnt1c1s
1022 2687 1183 2761 nomine
1218 2780 1221 2785 Ι

81 2788 225 2861 librum
244 2791 290 2862 de
307 2796 404 2861 Fato
424 2807 553 2862 contra
570 2789 862 2862 Mathematicos
882 2786 975 2881 olim
991 2785 1093 2873 ferri,
1122 2790 1182 2861 vi-

86 2890 146 2961 dit
162 2896 452 2963 Hunonrnn's
475 2890 616 2963 ibidem
633 2897 720 2986 Cep.
736 2894 866 2961 LVIII.
876 2942 887 2975 ,
904 2913 1035 2985 ⁴neqtre
1053 2886 1182 2965 stilum

84 3014 177 3064 cum
205 2994 363 3063 Octavio
404 2993 505 3078 eins,
546 2993 613 3089 qui
643 2991 759 3063 hodie
792 2986 924 3075 exstat,
966 2992 1180 3078 convenire,

86 3091 365 3164 enimudvertit.
417 3095 707 3165 Ascteernoes
720 3093 860 3163 librum
878 3091 923 3161 de
938 3093 1180 3163 Providentia

73 3184 219 3294 summi
243 3197 318 3264 Dei
344 3192 560 3289 composuit
586 3218 629 3265 oc
653 3192 853 3265 Lactantio
877 3190 1078 3286 inscriplit,
1114 3194 1182 3290 qui

82 3291 166 3389 ipse
183 3293 306 3389 operio
323 3284 1073 3389 huiusmeminitLibr.V11.Institution.
1091 3290 1178 3367 (3.4.

82 3398 190 3467 Inter
205 3397 443 3467 Aucus'mnt
470 3395 628 3490 scripta,
664 3420 759 3490 quae
777 3392 1045 3479 desiderentur,
1074 3393 1179 3467 Libri

81 3499 155 3568 ΙΙΙ
172 3508 304 3567 contro
328 3499 509 3593 Pagonos
541 3497 649 3567 etad
673 3497 827 3568 eosdem
851 3499 1124 3590 Protrepticurn
1148 3495 1176 3591 s,

82 3596 315 3671 Exhortatio
333 3596 567 3682 referuntur3
594 3599 657 3668 alii
674 3615 799 3668 autern
818 3595 1034 3668 dillcntiunt
1050 3622 1091 3669 sc
1107 3625 1179 3694 pu·

82 3716 183 3781 tent,
210 3697 328 3769 libros
346 3715 418 3769 tres
437 3714 567 3769 contro
583 3702 763 3796 l’ogonos
779 3722 860 3770 non
880 3697 1043 3770 diversos
1059 3700 1180 3771 videri

84 3822 110 3871 e
124 3798 232 3870 libris
250 3798 381 3882 tribus,
409 3801 472 3894 qni
495 3797 653 3884 exlient,
680 3817 810 3869 contra
826 3798 1084 3883 Academicos,
1108 3826 1178 3873 nec

85 3898 402 3972 Eeclrortntionenr
426 3892 572 3971 differre
596 3899 640 3971 ab
667 3902 746 3971 eins
769 3900 921 3985 libello,
949 3898 1177 3994 quem-limi·

83 4000 175 4073 liter
189 3999 383 4085 hebemus,
412 4001 457 4071 de
473 4002 634 4071 utilitate
652 4002 830 4072 credendi.
884 4003 994 4071 Plura
1011 4002 1056 4072 de
1072 4002 1178 4075 libris

86 4101 235 4200 generis
252 4100 365 4174 huius
385 4102 539 4199 collegit
554 4126 597 4175 ec
613 4103 813 4177 recensuit:
839 4107 897 4173 10.
920 4104 1018 4175 Aee.
1032 4108 1177 4187 Fenni-
