2542 4724
373 276 408 355 Ο
434 296 470 359 t.
488 296 525 355 tt.
559 280 625 365 IX..
678 279 714 369 §·
740 275 826 353 948*-
1079 272 1157 355 ⁶⁵⁷

63 472 146 557 nst,
181 466 288 565 quod
315 466 393 564 lpse
419 464 558 539 fatetur
583 490 626 539 an
648 462 827 551 caussam,
848 472 929 541 ¹c'tu·
958 464 1161 541 discrimen

62 574 141 645 boc
161 570 378 667 neglexerit,
403 569 500 639 hanc
518 562 624 639 affert
644 568 685 639 iu
700 572 852 639 Monito
870 571 922 639 ad
939 573 1157 640 Lectoreme

67 672 183 775 Quod
207 668 341 741 alicubi
357 694 404 741 eoc
420 672 463 742 iis
479 671 594 740 etiam
617 666 734 753 lilrris,
767 672 832 765 qui
849 663 951 770 falso
977 694 1060 740 cum
1073 669 1158 741 Au·

64 763 235 873 gustino,
278 785 358 843 tum
390 761 648 871 Cltrysostomo
682 763 944 868 inscribuntur,
981 770 1163 866 pleraque

64 876 278 957 citavimus,
314 895 409 969 rogo
442 872 598 941 candide
630 870 762 955 lector,
800 886 843 941 ut
869 870 955 943 boni
978 865 1159 971 consulas.

62 978 178 1047 Data
196 976 292 1043 enim
307 996 439 1068 opera,
466 996 540 1043 non
556 994 678 1045 errore
692 970 762 1043 lroc
774 970 925 1067 factum
941 965 1004 1069 est.
1034 976 1169 1074 Quaem

63 1078 135 1161 ris,
161 1100 226 1145 cur
249 1072 365 1143 ituc?
392 1078 479 1172 Ego
504 1075 541 1143 in
566 1096 611 1143 ea
624 1066 925 1172 sierrrsenteutio,
948 1074 1166 1145 ut;.nulluml

66 1172 158 1247 lrene
174 1175 312 1245 dictum
329 1177 512 1245 contemni
530 1171 657 1245 debere
680 1165 900 1269 existimem,
920 1175 1168 1268 quantumvis.

66 1282 183 1349 etiam
198 1278 363 1371 ineptum
383 1289 573 1345 auctorem
590 1272 737 1346 lrabeat.
762 1278 815 1345 Er
832 1277 962 1345 tritum
978 1266 1028 1370 est
1045 1274 1165 1345 illude

68 1376 192 1473 Saepe
199 1378 312 1448 etiam
321 1365 370 1467 est
383 1376 494 1446 ositor
507 1374 618 1445 valde
633 1390 846 1471 opportuna
863 1375 1045 1469 loquutus,
1065 1398 1170 1471 quae·

66 1478 114 1551 ml
137 1502 219 1554 rem
241 1477 359 1571 ipsam
382 1474 674 1563 defendendam,
701 1494 768 1548 aut
790 1476 1038 1549 excusandam
1056 1475 1163 1547 haud

64 1574 265 1651 sufficiunt.
322 1578 533 1671 Principem
567 1578 699 1650 locum
729 1578 828 1651 inter
852 1578 1056 1673 Scriptores
1085 1578 1160 1651 hos

67 1676 264 1776 ecquifivit
287 1674 355 1751 fibi
368 1684 474 1751 Aur.
492 1682 678 1763 Rursus,
706 1704 826 1774 quum
848 1704 946 1775 opus
966 1679 1161 1779 egregium

66 1778 306 1875 composuit,
332 1778 575 1875 inscriptione
591 1780 718 1851 bacin
738 1782 863 1851 lucem
888 1780 1052 1853 editum:
1077 1776 1178 1853 An·'

97 1871 253 1977 ustinus,
278 1883 445 1951 veritatis
470 1906 562 1951 evan
596 1880 924 1953 alico-catholicae
949 1886 985 1952 in
1003 1883 1161 1978 potiori-

65 1906 134 2057 ἕως
144 1976 238 2083 fidei
256 1996 449 2053 controver
462 1984 506 2053 ris
524 1904 620 2073 teslis
644 1996 681 2053 et
701 1972 900 2079 coris-'effom
929 1998 1060 2055 contra
1079 1981 1171 2057 sec.

67 2084 271 2157 sanctinum
289 2097 325 2153 et
340 2084 431 2154 alios
445 2086 649 2179 Scriptores
664 2106 843 2178 papaeos,
870 2088 1045 2178 antiquos
1059 2086 1173 2179 pari··

68 2200 127 2265 ter
145 2198 182 2257 et
196 2189 430 2269 recentiores,
456 2182 552 2255 Frcf.
574 2185 683 2257 1675.
708 2182 778 2255 fol.
822 2185 1016 2278 Perspicue
1041 2182 1173 2257 osten-.

68 2288 138 2371 dit,
155 2282 406 2383 Augustinum
424 2283 889 2361 minimeEcclesracRom.
906 2283 1170 2381 fauere,quo‹l¹

65 2386 280 2471 Pontificii,
305 2387 478 2483 inprimis
499 2387 596 2457 Rob.
615 2387 884 2469 Bellarminus,
912 2388 994 2459 aliis
1016 2387 1164 2481 persua-

69 2488 158 2563 dere
173 2506 375 2572 conantur,
402 2487 462 2557 scd
480 2506 603 2582 aperte
620 2488 812 2557 adversari.
864 2489 1025 2559 Insertae
1047 2480 1178 2563 etiam}¹

68 2590 158 2675 sunt
174 2586 241 2659 suo
259 2590 347 2659 loco
364 2586 595 2683 quaestiones
612 2587 1044 2673 Iansenio·Norisianac,
1073 2612 1176 2685 qua-.

68 2715 158 2765 rum
178 2688 271 2761 etin
290 2690 404 2761 titulo
424 2691 546 2785 operis
562 2690 706 2761 mentio
726 2688 781 2761 sit.
831 2691 909 2761 Alii
932 2690 1176 2789 adiungendi.

67 2792 159 2865 sunt
174 2808 288 2885 etque
300 2792 339 2861 in
356 2792 414 2862 his
430 2795 559 2865 locum
577 2790 734 2863 habent:
761 2797 893 2863 Erras
914 2796 1067 2876 Verri,
1096 2788 1166 2885 qui

68 2892 164 2967 iuris
183 2892 325 2987 publici
340 2890 450 2965 fecit:
484 2883 754 2990 Augufiimun,
778 2896 856 2963 veri
869 2886 1029 2991 falfique
1046 2896 1083 2962 iu
1100 2916 1166 2961 ca-

59 2992 321 3109 ¹pituliorilms,
356 3020 452 3087 quae
477 2993 580 3065 nolu's
609 3019 692 3063 cunr
715 2990 913 3093 poutficiis
937 2991 1167 3065 Ductoribus

70 3094 320 3180 intercedunt,
359 3088 611 3181 controuersiis
628 3090 786 3195 fidelem
816 3096 988 3179 indicem,
1031 3097 1165 3165 Ulmac

69 3196 173 3281 1678
187 3194 237 3290 sq.
252 3202 298 3267 tl.
320 3196 379 3267 12.
422 3204 526 3269 Crm.
545 3204 686 3281 WmS,
713 3198 819 3267 cuius
836 3199 959 3267 lucem
977 3194 1164 3290 adspexitr

70 3294 181 3367 Liclrt
198 3296 264 3367 der
282 3296 494 3382 Walrrlreit,
522 3297 668 3369 roelclies
687 3298 744 3367 iiie
759 3292 1010 3393 euangelisclre
1032 3290 1166 3367 Isirclie

70 3402 140 3469 mit
155 3390 363 3493 Augustino
385 3398 540 3469 erlannt
555 3397 633 3482 liat,
660 3398 759 3493 Lips.
780 3390 886 3471 1706.
905 3402 943 3467 4.
988 3397 1167 3493 Quodam

71 3496 191 3571 modo
210 3498 400 3571 occasione
419 3502 489 3571 hac
505 3500 617 3571 etiam
633 3498 767 3571 adduci
778 3496 897 3594 potest
906 3504 1166 3570 Hmcmrnr

71 3606 217 3673 Toum
241 3593 517 3697 Augustininna
546 3602 591 3671 de
614 3626 736 3671 rerum
759 3603 942 3670 creatione
964 3593 1167 3699 sententia,

71 3724 119 3773 cx
178 3698 313 3769 lurilrus
344 3696 684 3801 disceptationibus,
717 3700 851 3771 liulritis
875 3704 911 3771 in
934 3700 1169 3798 Arclrigym-

72 3728 174 3901 nastlo
191 3804 378 3873 Patavina
395 3830 430 3873 a.
452 3806 576 3887 1713,
601 3806 817 3899 depromta,
842 3810 971 3875 Patav.
991 3804 1101 3873 1714.
1128 3800 1166 3873 fs.

71 3908 132 3975 Dc
156 3902 344 3975 creatione
366 3904 501 3976 mnndi
526 3902 735 4003 Augustino
770 3904 949 3975 sententia
974 3902 1166 3987 tribuitur,

72 4030 162 4075 eum
178 4030 263 4077 cum
281 4006 452 4089 Philone,
479 4009 668 4079 Clemente
683 4008 807 4090 Alex„
835 4002 1034 4076 Ambrosio
1053 4020 1167 4097 atque

71 4106 157 4182 aliis
179 4106 351 4183 Partibus
378 4102 558 4195 statuisse,
590 4106 781 4181 mundum
807 4106 1008 4181 conditum
1030 4102 1098 4177 esse
1123 4104 1167 4177 in
