2542 4724
349 302 502 383 cen.
530 309 626 381 mv.
678 304 713 399 ς.
743 289 828 385 tat.
1069 302 1148 385 747

56 508 140 567 tam
161 491 264 589 fatui
294 494 509 565 adulatores
539 492 624 577 Dei,
658 506 701 563 ut
723 494 813 566 dum
831 500 1040 592 potentiam
1064 501 1141 571 eius

55 598 172 669 etiam
188 597 238 668 ad
254 600 329 667 ima
345 595 585 681 detrahimus,
603 598 639 665 in
655 592 828 693 nosipsos
844 592 1137 697 iniuriafifimus,

55 698 226 769 canitiem
242 694 540 780 rationabilium,
569 721 683 795 quant
703 697 1032 784 irrationabilium,
1051 724 1141 797 pro·

53 798 259 869 videntium
288 791 353 898 effe
376 798 541 869 dicentes.
604 800 706 893 Qirao
730 798 775 869 de
799 801 973 872 Cornelio
1004 807 1143 871 Centu-

54 898 164 970 tione
188 918 224 971 et
248 900 328 969 eliis
346 898 478 969 sanatis
499 898 595 971 Viris
611 896 721 969 habet
745 900 948 989 Continent.
968 904 1005 971 in
1020 894 1136 997 Epist.

55 998 109 1069 ati
127 1002 254 1071 Galat.
275 1002 368 1094 Cap.
384 1004 458 1069 ΙΙΙ.
474 1002 580 1073 Toni.
595 1004 670 1069 IV.
691 1002 799 1093 Oper.
817 1004 921 1073 Part.
931 1006 963 1071 1.
982 1028 1019 1097 p.
1036 1002 1139 1085 ⁴249..

55 1124 123 1171 eos
146 1100 326 1195 Spiritum
353 1106 386 1171 S.
418 1099 588 1196 accepisse
605 1124 652 1170 eoo
668 1102 796 1170 aetditn
805 1096 904 1199 fidei
922 1116 958 1174 et
974 1104 1140 1176 naturali

55 1201 157 1299 lege,
185 1226 281 1295 quae
301 1202 476 1297 loquatur
500 1204 536 1271 in
562 1200 730 1272 cordibus
757 1194 886 1297 nostris
909 1200 1006 1295 bona
1029 1228 1142 1302 artae·

55 1325 127 1397 qne
147 1300 325 1397 facienda
351 1314 386 1373 et
407 1304 568 1371 vitanda
589 1304 693 1373 mala
722 1320 758 1373 et
780 1328 845 1397 per
863 1328 975 1397 quam
995 1304 1140 1377 dudum

54 1423 212 1500 quoque
229 1404 473 1487 Abrahamns,
491 1404 617 1475 Moses
636 1420 671 1474 et
687 1405 798 1477 ceteri
815 1407 939 1476 Sancti
954 1401 1140 1477 iustificati

53 1502 146 1588 fine,
179 1505 330 1577 dumet
354 1504 559 1603 periculosa
583 1502 650 1575 esse
679 1504 873 1589 videntur,
905 1504 1032 1579 saltem
1055 1530 1139 1579 non

54 1624 225 1677 accurate
246 1604 435 1705 proposita
452 1606 556 1687 sunt,
574 1602 600 1677 fi
616 1622 653 1676 et
671 1606 861 1677 mitiorem
881 1630 1011 1677 eorum
1027 1606 1142 1679 inter·

53 1706 307 1803 pretationem
339 1704 527 1779 instituere
557 1708 728 1779 velimus.
782 1708 840 1779 Ab
874 1708 1026 1805 Origine
1053 1732 1142 1781 eum

52 1806 219 1882 maxime
234 1810 397 1879 alienum
413 1805 517 1877 fnisse
527 1820 638 1901 inque
648 1832 820 1879 erroneas
832 1808 932 1879 illius
942 1808 1141 1881 sententias

54 1908 218 2007 gramter
243 1905 506 2002 perstrinxisse,
534 1908 618 1979 satis
640 1926 778 1981 notum
801 1905 869 1991 esti
890 1910 1141 1983 nihilominus

51 2005 166 2081 iilum
183 2010 350 2105 quodam
367 2010 485 2079 modo
504 2008 670 2103 setptitur
686 2034 727 2081 ao
745 2010 832 2079 licet
847 2033 928 2081 non
953 2010 1140 2097 omnium,

52 2111 308 2209 quorumdam
327 2175 330 2182 ,
349 2128 474 2182 tamen
504 2108 703 2183 hominum
733 2133 896 2204 poenas,
932 2135 1025 2205 ques
1056 2108 1141 2207 post

52 2228 218 2283 mortem
230 2208 400 2283 sustinere
418 2212 564 2293 debent,
585 2210 897 2283 finenrhabituras
915 2209 984 2282 esse
1000 2208 1137 2283 statuit.

52 2310 261 2385 ¹Discrimen
289 2314 400 2408 ponit
422 2314 520 2383 inter
543 2316 674 2408 impios
699 2329 809 2408 atque
832 2316 974 2407 iniquos
991 2312 1141 2408 hocque

52 2412 300 2509 ita-explicet·
317 2415 402 2486 arlo.
429 2416 625 2511 Pelagian.
642 2412 723 2486 Lib.
741 2418 770 2485 1.
788 2418 882 2509 Opp.
901 2418 961 2499 lv,
978 2414 1014 2495 2,
1034 2412 1140 2487 501.:

55 2517 190 2588 Oranis
209 2518 341 2611 impin's
364 2520 505 2610 iniquus
522 2508 571 2611 est
588 2530 624 2585 et
639 2529 832 2617 peccator,
858 2537 924 2584 nec
938 2518 1143 2609 reciproca·

55 2629 138 2701 tnr,
166 2630 208 2709 ut
230 2608 401 2713 poffimus
425 2620 563 2689 dicere:
588 2620 707 2687 omnis
727 2630 903 2713 peccator
925 2628 961 2685 et
983 2618 1138 2711 iniquus,

51 2720 171 2791 'etiam
186 2720 318 2813 impius
334 2710 393 2815 est.
445 2722 626 2813 Impietas
641 2720 736 2789 enine
749 2718 899 2815 proprie
915 2716 966 2787 acl
983 2740 1044 2787 eos
1057 2742 1142 2813 per-

53 2822 168 2905 tinet,
201 2824 263 2914 qui
283 2824 456 2893 notitiam
479 2823 554 2891 Dei
583 2842 658 2889 non
680 2816 835 2903 babent,
865 2818 927 2889 vel
947 2821 1141 2917 cognitam

53 2912 339 3017 transgrrffione
355 2936 573 2999 ntutaruntr
596 2936 789 3019 peccatum
812 2933 937 2990 autem
957 2932 993 2991 et
1011 2922 1143 3019 iniqui-

52 3036 119 3093 tas
134 3043 203 3118 pro
221 3024 403 3117 qualitate
417 3026 607 3107 vitiorum,¹
627 3010 709 3117 post
723 3024 867 3119 peccati
884 3035 920 3091 et
937 3022 1143 3115 iniqnitatis

52 3122 230 3207 vulnera,
257 3126 383 3218 recipit
395 3118 605 3221 sanitatem.
657 3128 730 3194 Pro
748 3122 956 3195 discrimine
972 3122 1046 3192 hoo
1062 3146 1145 3197 eam

54 3218 305 3296 differentiam
331 3248 537 3319 poenarum
564 3219 647 3319 post
669 3242 831 3295 mortem
857 3220 1068 3307 constituit,
1096 3242 1143 3297 ut

55 3324 256 3399 arbitretur
279 3328 529 3396 Cornntentar.
551 3328 588 3395 in
610 3315 680 3421 ses.
710 3328 802 3423 Cap.
826 3326 967 3393 LXVI.
997 3328 1040 3395 Τ.
1062 3328 1138 3397 ΙΙΙ.

59 3430 170 3521 Oper.
197 3450 234 3521 p·
258 3423 365 3513 515..
401 3426 555 3498 Diaboli
586 3444 697 3522 atque
729 3426 903 3499 omnium
932 3423 1144 3522 impiorum

56 3526 243 3601 cruciatus
272 3526 355 3599 sore
382 3528 648 3623 sempiternos,
683 3525 982 3623 apcceatoribus
1016 3544 1146 3599 antem

53 3630 180 3723 iisqne
208 3626 410 3702 christianis
438 3628 463 3701 s.
485 3630 644 3725 iniquis,
672 3652 836 3724 qnorum
861 3652 973 3723 opera
995 3626 1035 3699 in
1053 3628 1143 3725 igne

54 3729 210 3827 probari
228 3754 269 3801 aa
286 3731 436 3829 purgari
454 3730 631 3815 debeant,
658 3729 876 3804 sententiam
894 3729 1042 3801 iudiciis
1059 3753 1146 3801 mo.
1190 3762 1201 3784 ·

56 3832 223 3903 deratam
241 3849 276 3903 et
288 3856 372 3903 otim
391 3832 586 3903 clementia
605 3833 843 3902 coniunctam
856 3828 1145 3927 esseexspectan·

55 3932 156 4003 dant.
208 3932 403 4028 Copiosins
423 3933 641 4029 opinionem
658 3932 986 4023 iratres-lieronymi
1001 3948 1147 4005 ertarrot

54 4038 153 4107 Per.
179 4038 284 4105 Dare.
307 4032 687 4107 ist·n·t·1ttsLibr.II.
707 4038 923 4133 Origenian.
939 4034 975 4101 2.
995 4035 1088 4129 Cap
1106 4032 1143 4105 2.

55 4124 194 4233 quaest.
226 4136 282 4211 11„
306 4138 341 4227 §-
359 4136 422 4211 25.
451 4133 593 4233 p.15⁴r.
650 4136 806 4214 Piorum
830 4135 993 4223 enimes,
1026 4158 1147 4233 quum
