2542 4724
355 302 443 378 ct
472 327 507 375 ιι.
543 308 604 375 iv.
651 307 702 392 .§.
728 299 792 375 to.
817 299 880 376 41.
1092 294 1171 380 257

47 493 137 565 ¹asia
158 514 306 563 eorum
324 487 401 561 scri
431 505 471 562 ta
496 483 573 561 esse
593 513 798 577 gennano,
835 486 912 560 alia
935 490 1161 579 adulterino,

58 591 286 666 dicendum
303 589 380 679 est3
402 517 577 686 ineque
588 563 809 663 discrimen
827 586 938 661 haud
952 589 1163 691 negligere
1244 572 1249 595 ⁸

58 693 282 781 debemus,
313 690 342 764 fi
362 690 462 788 quid
482 717 531 764 ex
548 695 714 765 Patrum
734 689 848 765 libris
866 689 1058 782 recitare,
1091 693 1161 768 vel

56 793 235 895 probare
258 792 447 867 velimus.
1067 784 1073 801 '

157 953 275 1020 Recte
290 947 389 1018 hanc
404 945 445 1016 in
462 969 543 1017 rem
560 952 617 1018 Io.
637 953 895 1019 Gsuusnnos
914 947 955 1018 in
971 947 1156 1022 Methodo

55 1040 166 1143 studii
188 1049 354 1146 theolog.
371 1073 409 1143 p.
422 1047 498 1120 268
518 1047 662 1119 scribit:
698 1050 903 1134 „Geuuina
919 1073 962 1120 ac
978 1075 1156 1147 germana

59 1157 215 1222 Parrum
243 1149 377 1245 scripta
400 1149 447 1218 ab
467 1150 687 1221 adulterinis
714 1168 751 1221 et
774 1147 1020 1244 supposititiis
1035 1151 1157 1246 probo

60 1251 308 1325 discernenda
334 1250 432 1321 sunt.
495 1253 621 1322 Multa
645 1252 749 1322 enim
768 1251 836 1323 sub
861 1252 1066 1322 venerabili
1087 1258 1157 1325 Pa·
1185 1278 1190 1299 ·
1230 1245 1237 1263 ’

58 1373 158 1427 trum
175 1353 298 1450 pallio
315 1353 355 1422 in
371 1350 551 1423 Ecclesiae
564 1352 803 1447 proscenium
817 1350 1157 1447 hodieproducun·

10 1528 12 1539 ,
59 1474 138 1541 tur,
166 1477 269 1549 quae
288 1452 333 1523 ab
351 1453 558 1525 Haereticis
576 1452 663 1525 sunt
679 1453 859 1538 conficto,
884 1453 946 1525 vel
963 1472 1059 1525 certe
1075 1481 1156 1531 cor·

60 1561 216 1653 rupts.“
269 1555 429 1626 Uberius
444 1551 677 1651 posteuhaec
697 1553 855 1626 edisserit
873 1573 986 1648 atque
1009 1555 1154 1629 adrem
1247 1590 1250 1595 ·

60 1656 299 1752 probandam
317 1652 528 1728 testimonia
545 1657 685 1751 pariter
711 1674 822 1752 atque
845 1656 1015 1750 exempla
1039 1648 1155 1729 affert.
1193 1706 1195 1711 -
1259 1650 1262 1663 '

61 1764 98 1830 In
111 1758 257 1833 eodem
272 1774 497 1857 argumento
514 1757 721 1828 enarrando
736 1757 901 1830 versatus
914 1752 1033 1829 est10.
1048 1764 1157 1830 Dur.-

62 1887 190 1933 unus
215 1864 281 1930 De
306 1886 329 1929 u
347 1887 369 1928 u
390 1859 549 1929 Petrum
576 1857 657 1928 Lib.
672 1864 703 1928 s.
733 1862 772 1929 0.
792 1858 827 1931 3.
855 1872 930 1929 una
954 1883 1042 1931 cum
1060 1858 1155 1946 aliis,
1188 1916 1191 1921 -

63 1986 226 2057 quorum
247 1986 298 2056 po
313 1975 372 2031 tea
389 1960 534 2032 mentio
554 1961 781 2031 movebitur.
821 1963 931 2031 Plura
950 1960 1156 2056 descriptis

63 2061 307 2161 supposititiis
331 2079 370 2134 et
393 2063 612 2133 adulterinis
627 2062 876 2132 inveniuntur
892 2085 949 2155 ap.
970 2066 1071 2133 Curi.
1091 2068 1154 2135 W.

27 2226 30 2237 .
62 2168 210 2239 seruc.
229 2170 394 2236 Wsrcu
411 2162 452 2253 in
468 2167 564 2232 sirit.
577 2161 720 2233 Nacszr.
738 2188 773 2232 v.
792 2164 827 2231 d.
844 2162 998 2265 puellm
1016 2163 1052 2235 d.
1070 2165 1156 2234 Kir-

62 2255 252 2364 saisost„
282 2256 512 2361 Lipt1770.
535 2265 572 2338 8.
599 2263 744 2360 p.128.
768 2263 851 2337 153.
1004 2263 1009 2272 ⁴

539 2500 574 2588 §-
611 2491 674 2567 u.

154 2682 201 2759 Si
220 2682 312 2781 quis
329 2681 453 2781 igitur
471 2679 615 2781 scripta
632 2684 797 2755 Parrum
812 2677 1016 2755 Ecclesiae
1027 2705 1072 2755 ac
1088 2705 1159 2756 ve·

63 2810 121 2861 ras
148 2808 300 2859 eorum
320 2781 534 2857 sententias
563 2781 813 2881 intelligere,
850 2806 928 2855 nec
952 2782 1028 2856 alia
1051 2781 1158 2857 testi-

61 2887 222 2973 monia,
246 2882 320 2959 nist
340 2884 388 2957 ab
405 2882 498 2983 ipsis
520 2885 688 2956 omnino
715 2881 843 2972 edita,
880 2877 1025 2957 afferre
1052 2885 1154 2962 vult.
1188 2895 1190 2899 ’

61 2986 145 3060 sive
171 2986 240 3059 itta
265 2984 317 3058 ad
340 3000 450 3059 recta
475 2983 662 3084 dogmata
685 2979 982 3073 confirmanda:
1010 2982 1092 3058 sive
1109 2983 1161 3060 ad

61 3111 224 3163 errores
248 3084 507 3172 refutandos,
543 3084 623 3159 five
650 3081 786 3158 adres
812 3082 937 3183 gestas
958 3084 1159 3160 illustran-

63 3188 130 3265 das
164 3186 454 3276 adhibeantur,
493 3183 648 3261 necesse
682 3183 756 3273 est,
792 3200 840 3258 ut
872 3203 1158 3284 cognoscatur,

61 3315 162 3389 quae
188 3286 504 3387 scriptoriorum
532 3286 607 3360 suit
631 3311 841 3386 germana,
877 3311 980 3383 quae
1006 3287 1160 3362 adulte·

63 3392 172 3481 rina,
210 3404 331 3489 atque
347 3389 391 3464 in
407 3387 482 3464 usu
499 3390 622 3464 altera
646 3387 693 3461 ab
712 3387 847 3464 alteris
864 3387 992 3490 probe
1009 3388 1160 3464 discer-

63 3508 223 3569 lunius.

544 3667 578 3754 §-
628 3662 690 3736 tu.

161 3832 275 3909 fieri
292 3830 373 3906 hoc
391 3845 498 3905 certe
545 3827 658 3920 otest,
683 3830 778 3927 quia
793 3827 1011 3947 suppetunt
1026 3845 1162 3918 notae,

71 3935 280 4033 exquibus
298 3930 411 4007 haud
434 3929 498 4005 dis
529 3933 656 4005 culter
680 3929 853 4005 iudicari
875 3930 1025 4032 potest,
1063 3957 1164 4004 num

73 4050 380 4112 monumentum
400 4033 625 4132 genuinum
640 4030 700 4122 fit,
715 4058 792 4106 nec
806 4058 871 4106 ne.
914 4114 917 4119 Δ
946 4057 1019 4104 uae
1038 4056 1165 4127 quum
1240 4040 1245 4051 '

76 4138 203 4215 variae
224 4133 486 4234 diversaeque
502 4133 590 4226 sint,
616 4159 711 4211 cum
725 4131 879 4212 iudicio
897 4159 919 4206 a
980 4132 1080 4208 'beri
1096 4130 1165 4207 de·
1249 4202 1260 4214 ,.
