2542 4724
384 352 481 441 ct
510 375 545 425 ι».
581 354 631 429 11.
684 317 719 441 §ss
757 354 816 447 tt.
1083 355 1154 449 ns
1250 406 1256 415 -

16 536 184 635 liittque
204 540 442 615 aliorum.
478 544 582 637 Opus
597 537 673 615 hoo
690 542 816 615 lucem
832 544 930 616 vidit
944 550 1025 618 Par.
1040 548 1151 623 1700.

24 638 70 712 lol.
86 665 128 713 ao
150 640 319 714 denuo
358 642 597 738 descriptum
620 641 669 715 est
693 646 939 740 Antverpiae,
971 647 996 719 s.
1020 650 1151 743 potins

34 738 147 815 instel.
166 746 317 817 1702.
353 742 434 815 fol.
454 744 502 832 *).
564 742 724 817 Praestat
751 747 842 818 haec
866 747 996 819 iterata
1027 752 1152 845 Dupi.

38 845 118 916 anna
140 844 432 919 Pariliensem
457 871 503 917 eo
529 845 677 931 saltem,
717 848 958 941 quod-notas
982 850 1150 946 Albaspi·

44 947 119 1031 tati,
137 948 301 1020 Merici
323 945 565 1033 Casauboni,
592 947 673 1043 Csp.
695 947 840 1019 Barthii
864 968 901 1020 et
923 949 1072 1024 selectas
1092 954 1157 1023 in·.
1264 982 1267 989 ¹

10 1008 16 1109 l
51 1048 116 1119 tuti
128 1049 238 1121 illius
261 1049 497 1143 scriptoris,
530 1050 701 1143 quasilla
718 1073 806 1121 cum
826 1051 978 1145 reliquis
996 1053 1149 1125 uberio-

10 1218 12 1225 .
52 1146 132 1221 tibus
142 1150 351 1222 nerduini
369 1168 407 1221 et
423 1146 659 1245 Albaspinaei
674 1150 998 1225 observationibus
1014 1153 1061 1224 ad
1077 1157 1150 1229 cal·

55 1253 345 1335 ttmreiecerat,
388 1247 541 1348 singulis
566 1247 689 1322 statim
712 1252 861 1351 paginis
878 1249 964 1348 post
988 1253 1151 1351 Dupinii

57 1348 151 1445 ipsius
168 1350 529 1427 animadversiones
547 1353 708 1425 exhibet.

135 1510 348 1579 Pisonis.
402 1530 660 1592 narremus,
688 1505 957 1602 qniadlocnm
973 1508 1076 1580 hunc
1091 1534 1146 1583 re·
1186 1546 1190 1559 =

10 1672 12 1677 .
58 1600 222 1681 handus
241 1604 297 1681 est
315 1606 367 1678 ob
415 1633 541 1679 zonrs
562 1608 703 1706 Magni
721 1611 857 1704 Opera,
878 1609 1019 1704 abipso
1035 1611 1145 1683 edita.

57 1710 188 1781 Luna
203 1709 460 1805 adspexerunt
475 1710 540 1779 illa
558 1708 625 1781 sub
641 1709 909 1805 inscriptione:
938 1715 976 1781 S.
990 1708 1148 1783 Leonis
1165 1794 1171 1801 .

10 1792 13 1857 i
57 1808 214 1910 Magni,
240 1813 378 1907 Papae
390 1815 418 1881 I
422 1862 432 1896 ,
461 1812 585 1906 Opera
599 1815 744 1895 omrnu,
766 1837 864 1881 nunc
877 1816 1040 1908 primum
1057 1816 1148 1906 Epi-

10 1890 12 1933 Ι
52 1900 146 2007 stolis
162 1914 290 1983 XXX
304 1909 489 2006 tribusque
513 1913 559 1983 de
577 1915 713 1984 Gratia
732 1903 863 2009 Christi
882 1908 1061 2014 opusculis
1081 1940 1147 1982 au·

59 2016 188 2099 diora,
205 2007 420 2115 secundum
435 2026 609 2085 exactam
626 2040 810 2085 antrorum
817 2008 952 2114 seriem
973 2029 1149 2086 accurate
1231 2028 1235 2035 '

10 2174 12 2181 .
57 2116 244 2205 miniato,
273 2141 300 2186 a
319 2105 586 2212 Suppofititiis‚
612 2114 967 2211 Interpolntionibus
984 2120 1147 2187 innume·

57 2220 168 2313 n'sque
190 2216 339 2289 mendis
362 2218 597 2313 expurgata,
628 2215 926 2311 Appendieibus,
965 2210 1147 2318 Dssbrtu·

55 2318 231 2403 tionibus,
260 2318 375 2390 Notis
395 2310 785 2417 observationibusque
802 2310 996 2413 illustrata,
1025 2336 1147 2403 oeten,
1260 2332 1268 2361 t

55 2421 249 2495 Par.le5.
264 2426 312 2492 Π.
331 2418 380 2505 4.,
400 2442 494 2513 quae
503 2418 618 2490 editio
633 2418 674 2489 in
687 2419 852 2490 indicem
866 2419 1021 2513 quidem
1030 2418 1148 2491 libro·

57 2546 133 2595 nrm
148 2522 442 2620 prohibitorum
468 2521 582 2592 relata
605 2517 674 2606 est,
707 2519 891 2615 qnoniam
912 2520 1145 2615 Quosnellus‚

57 2646 167 2719 quum
183 2624 235 2695 de
251 2622 400 2695 Hilario
417 2618 620 2693 Arelatensi
639 2619 797 2707 disserit,
829 2621 967 2692 iudicia
987 2621 1032 2692 de
1047 2621 1147 2692 caus·

56 2722 95 2797 bs
110 2726 430 2806 Patriarcharum,
447 2721 489 2792 in
506 2719 656 2794 historia
673 2720 904 2794 ecclesiastica
922 2723 1047 2807 relata,
1064 2747 1147 2793 non

57 2826 97 2897 ul
111 2828 309 2927 legitimas
325 2824 593 2920 appellationes
610 2825 755 2894 reddita
772 2821 888 2919 fuisse,¹
904 2823 965 2894 sed
981 2823 1025 2893 ab
1043 2824 1145 2894 ultro

56 2928 169 3001 docto
188 2953 210 2998 a
227 2922 559 3022 partibusrlrbitro
576 2926 724 3020 prolata
741 2925 923 3020 disputan
941 2923 1003 2995 sed
1018 2942 1147 2995 tamen

59 3029 279 3126 proscriptio
298 3028 481 3123 impedire
495 3027 595 3096 haud
616 3026 764 3121 potuit,
792 3049 869 3120 quo
886 3025 1012 3096 minus
1032 3031 1148 3121 Ques-

59 3132 233 3203 nelliLeo
252 3130 398 3224 ubique
417 3127 569 3200 eruditis
584 3128 681 3200 Viris
700 3127 736 3198 se
752 3125 1048 3209 commendaret,
1075 3127 1169 3197 int-⁴

60 3254 116 3305 mo
132 3232 266 3305 denuo
293 3229 557 3301 describeretur
581 3243 693 3323 atque
710 3229 826 3299 editio
847 3227 1004 3299 secunda
1021 3225 1149 3321 prodi·

59 3328 477 3431 rethgd.1700.fol.
521 3327 671 3401 Constat
697 3355 794 3426 opus
818 3330 893 3399 hoo
919 3328 1068 3399 duobus
1089 3344 1147 3397 to·

61 3434 122 3507 mis
140 3437 367 3527 horumque
390 3428 573 3527 posterior
597 3431 860 3526 complectitur
880 3429 1147 3523 Appendicern‚
1184 3423 1189 3433 ’

58 3526 272 3629 scotticem
298 3536 494 3605 Curionum
512 3545 548 3602 et
567 3523 856 3627 Corrflitutorum
871 3532 976 3601 Sedis
998 3519 1145 3624 aposto-

64 3634 152 3721 ticae,
179 3628 483 3737 Diffettationes,
503 3636 692 3703 Lectiones
704 3636 841 3715 varias,
864 3635 1000 3712 Notas,
1020 3621 1150 3729 Qbser.

63 3744 231 3811 rationes.
275 3738 324 3806 In
340 3734 668 3807 Dissertationibus
686 3733 906 3831 Quesnellus
923 3732 1022 3801 varia
1042 3754 1150 3826 argu-

66 3860 179 3913 mente
203 3837 448 3937 antiquitatis
480 3831 734 3909 ecclefiastioae
765 3834 910 3907 erudite
939 3847 1084 3904 enarrat
1108 3853 1151 3902 ao

67 4004 265 4025 ——utut

94 4121 119 4187 ⁰)
134 4120 295 4179 Exustam
311 4118 479 4179 Nouvellet
495 4117 532 4173 de
553 4117 584 4173 ta
603 4114 715 4188 re'publ.
735 4116 785 4169 (les
802 4115 901 4169 lettres
924 4130 950 4168 a.
974 4116 1051 4170 1702.
1074 4107 1153 4177 Aug·

140 4210 171 4266 p·
189 4196 248 4252 123.
272 4190 363 4247 'Atto
377 4184 498 4245 Erudit.
517 4204 542 4247 a.
557 4192 633 4246 1701.
651 4202 679 4258 p-
697 4188 752 4245 193.
788 4183 1004 4241 Scnoentntsn
1019 4180 1047 4248 l,
1065 4180 1126 4236 358·

785 4286 833 4355 10
