2542 4724
399 264 827 383 mentm
1085 250 1215 359 ω’

59 453 330 562 Christianismi
354 451 638 557 fundamentm
670 485 811 559 parum
842 480 933 534 vero
957 463 991 536 ei
1013 454 1082 564 eft,
1115 480 1161 541 ut
1249 450 1255 465 ³

57 568 252 663 opiniones
268 558 366 665 suas
397 553 644 661 obstinatione
680 567 778 636 vinci
806 566 929 637 nescia
962 552 1161 663 disentiat,

56 658 145 767 nfi,
171 679 215 737 ut
224 659 302 766 fit,
315 658 425 768 scetus
436 659 655 765 sentientem
671 690 748 737 non
763 665 874 739 aliter
887 688 935 736 ac
949 657 1089 764 hostem
1105 671 1162 741 in·

52 758 144 869 sesti
170 793 288 839 imum
328 769 479 840 inimico
514 769 645 867 quavis
675 769 824 839 ratione
851 772 1064 855 vexaverit,
1107 768 1162 841 ad

51 860 240 969 ssientium
264 868 503 967 compulerit,
529 868 644 964 plane
667 867 880 967 confecerit.
932 867 976 937 N
983 870 1079 957 ola,
1104 873 1166 942 ina
1234 864 1239 879 '

55 969 141 1069 quit
172 972 210 1041 in
230 974 303 1068 Ep.
328 970 391 1045 48.
425 970 478 1041 ad
508 968 754 1057 Pammach,
788 971 888 1044 tale
919 986 1161 1053 certamen

55 1072 225 1158 adeas,
252 1074 404 1169 inquo
427 1084 953 1171 tantumteprotegos,
981 1087 1039 1160 et,
1066 1085 1162 1161 tor·

53 1187 202 1272 pente
226 1174 420 1261 dextra,
451 1164 640 1274 sinistra
667 1175 885 1274 clypeum
908 1172 1160 1271 circumfe-

55 1300 165 1355 ταδὶ
199 1290 285 1347 aut
312 1274 594 1374 feriendum
628 1266 830 1381 tibiqest,
874 1288 959 1347 aut
992 1276 1162 1354 caden-

56 1376 189 1456 dum,·
223 1400 316 1448 non
382 1370 533 1475 ossum
563 1391 609 1449 te
634 1366 886 1475 aestimare
913 1379 1162 1465 victorem,

56 1472 150 1649 nisi
175 1477 324 1551 adver
354 1482 507 1550 arium
529 1479 669 1551 video
696 1479 1005 1550 trucidatum.
1056 1478 1161 1551 Hino
1206 1526 1211 1539 ·

55 1582 97 1651 ni
136 1604 269 1675 aeque,
295 1580 349 1650 nil
371 1582 550 1680 ingenue,
578 1580 631 1651 nil
655 1579 850 1677 moderate
875 1570 1062 1680 disputat,
1086 1573 1161 1679 sed

57 1679 261 1755 incredibili
286 1684 402 1753 animi
427 1684 652 1777 impotentia
676 1696 714 1753 et
735 1680 869 1780 surore
891 1680 1087 1776 abreptus,
1121 1680 1163 1752 td

56 1784 165 1857 unice
189 1784 286 1881 agit,
312 1797 355 1855 ut
377 1774 566 1887 prostrato
593 1798 677 1856 arte
699 1808 917 1880 quacunque
934 1776 1163 1882 adversario,

54 1885 257 1957 victoriam
282 1898 458 1980 reportet.
510 1888 602 1957 Non
628 1888 747 1984 igitur
771 1889 928 1972 mirum,
949 1878 1161 1984 firmorum

53 1978 405 2159 qffriaeorumque
421 1994 733 2083 argumentorum
749 1986 872 2058 locum
888 2010 1071 2081 occupare
1084 1998 1165 2055 tur·

123 2112 147 2157 a

149 2110 188 2157 m
218 2085 419 2159 verborum
448 2079 722 2186 prosufionem,
759 2091 896 2185 inania·
916 2087 1165 2158 declamatio-

55 2212 149 2261 num
162 2180 343 2283 flumina,
370 2190 510 2287 ingenii
526 2187 634 2291 lusus,
662 2182 786 2291 risum,
811 2190 1063 2284 poenitentiae
1078 2210 1162 2259 mo·

54 2292 160 2376 nita,
186 2292 386 2361 ratiocinia
410 2295 558 2370 ieiuna,·
591 2316 670 2377 non
697 2294 853 2377 mirum,
888 2313 973 2361 eum
997 2313 1073 2360 non
1099 2288 1166 2360 dt·

55 2392 212 2491 dignari
236 2385 420 2492 captiosas
444 2408 481 2464 et
498 2382 723 2490 sophisticas
741 2384 957 2489 disputandi
974 2392 1165 2489 argutias,

56 2506 102 2566 ut
126 2484 360 2593 adversarios
382 2487 549 2594 subdola
585 2496 734 2567 ratione
759 2495 920 2565 irretitos
948 2492 1001 2562 ad
1028 2493 1167 2564 incitas

54 2594 229 2693 redigat,
253 2592 368 2665 uerba
393 2618 523 2667 eorum
547 2619 619 2691 pro
647 2591 767 2665 lubitu
794 2595 1033 2690 detorquere,
1056 2585 1164 2694 j'also

54 2708 96 2771 et
120 2687 244 2795 odiose
266 2700 547 2794 argumentari,
574 2699 614 2768 8.
644 2695 880 2793 Scripturam
904 2718 976 2792 pro
1001 2718 1041 2765 re
1066 2706 1165 2785 nata

56 2796 170 2869 aliter
201 2809 316 2891 atque
349 2798 459 2868 aliter
492 2787 717 2895 distinguere
750 2811 788 2869 et
820 2798 1077 2892 interpretari,
1111 2809 1165 2881 et,

57 2900 274 2973 Ciceronem
306 2901 518 2985 imitatum,
552 2922 628 2969 non
659 2912 743 2971 tam
768 2900 808 2970 id
832 2922 1026 2994 quaerere,
1056 2896 1165 2995 'quod

54 3022 188 3075 oerum
207 2990 314 3171 qffet,
344 3025 460 3096 quam
485 2990 711 3097 quod'nunc
735 2993 870 3101 causae
895 2990 1076 3099 intereffet
1098 3019 1164 3071 ve·

56 3126 145 3175 rum
168 3103 207 3170 vi
234 3103 297 3173 eri.
352 3103 498 3172 Mirum
521 3103 649 3198 potius
672 3100 762 3189 hoo,
798 3127 883 3175 eum
908 3099 1072 3173 lubricae
1096 3099 1166 3172 hu·

56 3204 115 3275 ius
139 3214 177 3275 et
201 3196 352 3304 dolosae
373 3194 587 3302 disputandi
613 3206 769 3276 rationis
795 3204 891 3277 adeo
918 3226 994 3273 non
1008 3202 1164 3298 pudere,

56 3317 102 3377 ut
126 3317 257 3400 aperte
285 3303 482 3400 fateatur,
515 3308 615 3377 etin
635 3297 680 3406 se
704 3303 839 3402 probet
863 3304 1045 3378 eiusmodi
1068 3306 1164 3375 arti-

44 3398 229 3506 ficiorum
255 3406 536 3477 dialecticorum
560 3400 684 3506 usum,
719 3408 947 3501 eundemque
975 3429 1050 3476 non
1076 3419 1164 3477 tan-

57 3520 141 3579 tum
165 3504 373 3579 Rhetorum
399 3508 598 3617 gentilium
622 3524 660 3580 et
686 3513 928 3605 antiquorum
948 3510 1166 3580 Doctorum

57 3596 363 3701 christianorum,
388 3610 460 3709 sed
494 3600 603 3709 iqsms
631 3636 776 3709 quoque
799 3611 912 3682 Pauli
938 3611 1167 3681 auctoritato

56 3706 253 3808 dq‘endat.
304 3712 530 3801 Paulum,
548 3707 681 3813 scribit
705 3720 778 3810 Ep.
806 3712 951 3785 laudat.
979 3709 1033 3783 ad
1047 3712 1166 3781 Pam·

56 3808 256 3899 madium,
308 3812 517 3885 Paulum
557 3804 844 3912 Apostolum
883 3810 1162 3911 proferam,

55 3936 193 4009 quem
234 3916 616 4012 quotiescunque
658 3917 788 4018 lego,
826 3917 996 3989 uideor
1034 3910 1165 3983 miti

54 4036 152 4086 non
181 4014 331 4088 verba
366 4018 558 4105 audire,
586 4008 675 4116 sed
700 4021 937 4091 tonitrua.
990 4016 1167 4113 Legite

53 4106 308 4216 Epistulas
340 4117 460 4217 dius,
500 4133 547 4196 et
581 4125 788 4199 inanime
819 4120 881 4195 ad
911 4122 1165 4216 Romanos,
