2542 4724
108 262 185 340 702
418 251 463 337 G‘
480 278 515 333 t
534 284 571 334 e.
605 258 703 337 HV.
756 265 792 353 ὑ.
820 256 905 338 134.

109 468 177 525 aut
205 446 398 536 excusent3
426 447 473 521 de
501 446 650 521 ratione
679 466 830 534 autem,
866 474 939 545 que
972 453 1090 527 verba
1129 456 1207 531 eius

94 552 314 626 eommode
337 548 500 646 intelligi
524 548 701 636 debeant,
727 552 826 621 inter
852 576 915 624 eos
945 552 1120 628 diffenfio
1146 556 1203 630 est.

107 654 187 727 Alii
210 653 322 736 enim,
348 652 405 723 riv
427 652 543 740 λόγον,
572 650 618 723 de
639 676 716 747 quo
733 656 933 725 Iusrntus
948 655 1144 751 loquitur,
1162 660 1205 732 de

79 774 84 795 ⁸
109 752 273 838 Christo,
297 753 360 841 alii
383 751 427 822 de
451 751 535 823 sana
558 752 706 824 ratione
728 752 932 847 explicant,
959 754 1005 825 u't
1029 760 1204 852 pluribus

107 862 255 930 Tuom.
273 860 467 925 Irrrolus
482 845 758 949 Select.Histor.
778 848 896 954 eeclefl
913 858 1037 952 Capit.
1057 864 1142 931 Sec.
1153 868 1201 932 11.

109 962 205 1029 Sect.
227 954 263 1028 4.
289 961 376 1050 Cap.
402 955 437 1027 3.
460 957 496 1043 §.
513 949 549 1024 4.
572 978 609 1048 p.
630 954 705 1027 206
720 955 771 1049 sq.
798 956 979 1029 observat.
1033 958 1090 1031 At
1115 986 1201 1034 varo

106 1058 182 1132 five
197 1057 243 1129 de
260 1052 423 1137 Christo,
445 1053 519 1127 five
536 1055 581 1125 de
597 1054 682 1126 sana
696 1058 844 1128 ratione
860 1057 1003 1143 sumas,
1028 1086 1130 1155 quae
1146 1062 1202 1135 hio

108 1160 275 1255 scriptor
305 1152 523 1228 christianus
557 1156 604 1227 de
634 1158 718 1248 λόγῳ
754 1157 910 1243 differit3
936 1157 1040 1231 haud
1076 1180 1199 1236 tamen

106 1260 287 1333 sententia
297 1258 376 1329 eius
385 1256 560 1339 excusari,
573 1259 696 1329 multo
707 1259 833 1332 minus
848 1256 1052 1355 approbari
1067 1262 1197 1359 potest.

107 1358 250 1459 Quodfi
262 1384 327 1455 per
344 1359 441 1448 λόγον
454 1356 659 1455 fignificare
674 1360 840 1433 voluerit
856 1360 980 1433 sanam
996 1364 1198 1451 rationem,

107 1464 193 1559 q'uis
220 1462 335 1544 dicat,
354 1465 552 1531 'Socratem
579 1484 661 1530 eam
683 1461 732 1531 ob
750 1461 906 1533 caussam
923 1462 963 1532 in
982 1462 1197 1539 Christiania

103 1560 383 1637 numerandum
407 1557 493 1642 effe,
518 1559 606 1653 quia
626 1561 744 1634 vitam
762 1562 866 1634 suam
884 1563 932 1633 ad
947 1588 1133 1639 normam
1150 1570 1196 1640 sa-

99 1690 176 1739 ,uae
186 1662 343 1751 rationis
356 1659 630 1754 composuerit3
661 1663 728 1734 ubi
738 1681 863 1735 autem
879 1663 948 1733 tibi
958 1666 1194 1759 persuadeas,

102 1769 199 1857 λόγον
220 1759 351 1861 Iustini
372 1757 490 1833 nostri
514 1759 581 1833 effe
603 1762 728 1858 ipsum
755 1762 950 1848 Christum,
976 1764 1122 1841 falsum
1137 1768 1193 1853 est,

101 1873 294 1941 Socratem
317 1890 407 1935 oum
429 1864 503 1935 hoo
520 1864 607 1951 λόγῳ
622 1862 748 1937 vixiffe
766 1885 805 1938 et
820 1867 1049 1965 cognitione
1064 1868 1193 1943 Christi

101 1968 314 2066 praeditum
331 1962 448 2036 fuiffe.
467 1959 504 2057 *)
555 1970 703 2037 Praeter
723 1968 823 2050 haec,
841 1970 888 2037 ad
902 1964 1035 2038 Iustini
1055 1996 1192 2044 naevos

101 2087 141 2143 et
154 2070 220 2141 illa
234 2068 434 2165 pertinent,
453 2066 558 2161 quod
574 2092 659 2139 curn
675 2068 817 2140 viribus
833 2086 991 2139 naturae
1005 2070 1192 2145 humanae

99 2172 143 2245 in
156 2169 267 2245 rebus
280 2168 531 2265 spiritualibus
543 2168 669 2263 (Apol.
679 2176 707 2254 Ι,
724 2166 880 2260 54.)**)‚
897 2188 982 2241 tum
1000 2173 1105 2245 vitae
1120 2200 1192 2247 oao-

98 2272 169 2347 libi
188 2275 292 2369 plue·
309 2272 423 2366 quam
441 2270 557 2354 decet,
574 2271 766 2357 tribuerit3
793 2272 900 2368 quod
915 2270 1122 2347 arbitratus
1138 2274 1188 2361 lit,

91 2375 242 2448 animas
259 2373 427 2467 piorum,
450 2394 470 2441 a
488 2373 710 2465 corporibus
727 2399 793 2467 per
809 2391 974 2445 mortem
992 2372 1188 2469 separatas,

98 2493 186 2549 ante
209 2473 392 2545 iudicium
409 2472 615 2543 universale
633 2475 679 2544 ad
697 2475 887 2545 domicilia
904 2470 1073 2547 caelestia
1091 2478 1188 2549 haud

96 2573 290 2649 transferri
307 2575 421 2663 (Dial.
438 2599 468 2643 c.
479 2576 622 2668 Trypb.
639 2580 677 2646 C.
688 2574 741 2665 5.)
758 2575 939 2671 fimulque
956 2574 1024 2645 libi
1043 2580 1188 2673 persua·

96 2679 201 2762 serit,
222 2675 447 2773 prophetam
464 2678 674 2747 Samuelem
692 2676 914 2747 defunctum
931 2701 951 2746 a
969 2678 1186 2769 Pythoniffa
1208 2748 1213 2761 ,

95 2798 296 2854 evocatum
327 2776 426 2847 Dial.
450 2777 854 2873 c.Tryph.Cap.105.
879 2774 973 2873 (Ὅτι
995 2782 1187 2869 uitauerat

92 2883 222 2978 ψυχαὶ,
249 2881 392 2969 ἀπέδειξα
415 2872 487 2968 ὑμῖν
510 2878 545 2946 ἐκ
573 2884 634 2948 τοῦ
656 2882 710 2949 καὶ
727 2882 786 2965 τὴν
806 2882 964 2972 Σαμουὴλ
979 2884 1104 2976 ψυχὴν
1119 2887 1186 2977 “ki

91 2992 184 3077 θῆναι
213 2979 272 3052 ὑπὸ
296 2986 352 3072 τῆς
379 2976 648 3072 irretractabilem
676 2979 716 3066 ὡς
744 2976 874 3073 ἠξίωσεν
895 2987 911 3052 ὁ
929 2981 1058 3051 Σαούλ.
1113 2994 1185 3055 uoi-

91 3115 175 3160 νεται
199 3086 231 3153 δὲ
255 3082 307 3152 καὶ
338 3080 388 3151 ὅτι
416 3088 512 3153 πᾶσαι
535 3087 567 3149 oi
599 3085 711 3174 ψυχαὶ
741 3091 806 3155 τῶν
837 3081 994 3154 τοιούτων
1016 3086 1182 3180 δυνάμενα,

90 3191 185 3262 ὁποῖα
209 3187 245 3276 δὴ
261 3188 314 3257 καὶ
331 3183 362 3253 ἔν
382 3189 425 3273 τῇ
446 3183 688 3275 ἑγγαστριμὺθςυ
707 3187 801 3277 iuriae)
819 3180 856 3265 ἐξ
873 3182 982 3256 αὐτῶν
999 3192 1068 3256 τῶν
1084 3216 1182 3283 τραγ·

89 3290 197 3389 μάτων
221 3288 429 3380 ὁμολογεῖται.
481 3287 641 3356 Animos
657 3289 804 3381 quidem
822 3312 973 3359 mouere
995 3312 1046 3357 eae
1066 3314 1110 3361 eo
1126 3293 1182 3361 de·

88 3380 310 3483 monstravi,
339 3387 438 3480 quod
459 3390 573 3457 etiam
595 3388 777 3458 Samuelis
802 3392 929 3459 anima
958 3416 984 3459 a
1007 3392 1179 3463 ventrilo-

89 3518 164 3592 qua
178 3481 418 3589 Pythoniffo,
445 3504 486 3558 ut
501 3490 661 3582 petierat
680 3490 773 3558 Saul
780 3542 789 3572 ,
817 3502 973 3561 evocata
981 3482 1050 3585 fit.
1101 3498 1178 3587 Ap·

86 3607 197 3691 paret
231 3604 356 3661 autem
392 3614 518 3661 omnes
549 3595 696 3661 animos
726 3593 902 3661 eiusmodi
934 3584 1115 3686 iustorum
1144 3606 1177 3663 et

38 3728 41 3733 ⁴
84 3692 381 3793 Prophetarum,
398 3684 470 3791 sub
495 3682 716 3787 potestatem
742 3694 873 3761 talium
890 3695 1077 3765 uirtutum
1094 3698 1176 3766 ceci·

84 3792 193 3901 drffe,
220 3794 369 3891 qualem
391 3797 565 3863 virtutem
589 3808 625 3863 et
652 3798 687 3863 iu
708 3798 748 3864 V
748 3794 957 3888 eutriloquo
983 3796 1051 3866 illo
1075 3786 1174 3897 fuiffe

84 3964 295 3985 ...an—n·—

116 4057 144 4121 *)
162 4053 206 4108 ct.
224 4050 356 4107 ntum
374 4046 515 4106 Biblioth.
534 4050 562 4107 d.
582 4045 801 4104 Kt'rcbenuci'ter
818 4047 839 4111 1,
860 4054 919 4108 120.
946 4050 1017 4106 Not.
1036 4056 1082 4111 22

114 4126 155 4192 ⁶⁹)
174 4122 219 4179 ct.
236 4120 388 4179 Stiuntut
406 4117 508 4189 Gescb.
526 4120 556 4175 d.
574 4118 693 4178 sterent.
712 4118 781 4190 lesu
798 4116 836 4184 ll',
851 4124 896 4177 97.
