2542 4724
132 294 210 379 594
463 290 499 371 C
526 310 554 367 a
580 314 617 367 r.
651 296 700 367 X.
751 288 789 383 §.
817 286 902 370 tot.

137 495 265 559 aetate
289 477 441 553 maltos
468 502 513 552 ac
533 476 668 553 varios
688 500 847 552 errores
867 473 1175 563 disseminabant
1188 506 1229 555 ac

136 580 349 681 religionis
362 578 609 653 -christianae
639 576 827 677 dogmata
850 578 896 653 in
920 578 1129 655 diversum
1152 596 1231 657 tor·

138 684 326 783 quebant.
379 685 504 755 Erant
533 679 594 752 illi
619 672 798 775 Gnostici,
833 686 1110 770 Marcionitae,
1143 690 1229 757 Ma·

137 786 301 871 niclraci,
328 786 555 867 Nouatiani,
584 780 798 867 Sabelliani,
829 775 1073 882 origenistae,
1101 790 1229 859 Samo·

129 886 340 990 Jutcniani,
381 888 553 969 Ariani,
578 875 889 980 Apollinaristae,
923 879 1228 984 Priscillianistae,

137 991 374 1073 Iouinianm,
421 985 657 1068 [let-vidiant,
699 984 946 1080 Luciscriani,
991 980 1229 1083 Donatistae,

137 1087 681 1187 Pelagiani,=Sernipclagiani,
706 1084 987 1171 Macedoniani,
1005 1085 1230 1185 Anthropo-

135 1188 360 1285 rnorp'hitae,
377 1178 601 1282 Nestorian'i,
615 1185 855 1285 Eutychiani.
908 1188 968 1257 lta
980 1182 1229 1264 refutarunt:

241 1322 280 1416 1)
298 1312 587 1417 'Gnosticos,
611 1322 757 1393 Auctor
779 1312 986 1417 Epistolac,
1013 1348 1111 1417 quae
1131 1330 1230 1397 Ban-

136 1448 274 1519 nanta
298 1422 450 1521 'quidem
475 1420 712 1507 adscribitur,
740 1422 819 1495 eius
837 1440 962 1495 tamen
980 1430 1062 1495 no'n
1078 1422 1137 1497 'est
1152 1452 1227 1523 ger·

135 1538 292 1617 manum
307 1526 629 1595 monumentum.
696 1520 877 1596 Gnosticis
910 1546 993 1595 eam
1008 1524 1226 1621 'oppofitam

135 1612 234 1713 etia,
248 1624 351 1695 hand
373 1623 545 1723 negabit,
574 1623 640 1719 qui
657 1618 763 1695 istam
781 1618 988 1723 perlegerit.
1041 1626 1226 1699 Nonnulli

136 1730 282 1801 addunt
296 1732 583 1797 Porrcanruru
610 1750 652 1796 ac
673 1724 896 1821 persuadent
919 1724 1005 1811 fibi,
1031 1752 1123 1801 eum
1139 1732 1226 1826 Epi·

125 1816 231 1939 Jl'ola
254 1828 310 1898 ad.
323 1816 575 1923 Philippenses
602 1824 756 1898 eos'dem
780 1827 984 1901 haereticos
1009 1825 1143 1915 ferire;
1166 1830 1225 1903 alii

135 1946 264 2003 autem
289 1924 519 2015 existimant,
553 1948 650 2019 quae
674 1927 720 1997 de
745 1924 929 2015 ¹ir'rnosticis
952 1930 1224 2031 intelligantur,

135 2054 179 2105 ea
196 2030 244 2103 ad
260 2020 587 2145 eriores'Simonis
602 2029 711 2127 Magi
730 2028 902 2125 spectare.

178 2242 182 2253 ,
235 2164 277 2258 2)
293 2166 1224 2269 Marcionitae,TenrurrmnusLibriaquin·

131 2293 209 2369 qne
227 2266 321 2355 adv,
329 2269 583 2351 Marcionem,
611 2266 731 2361 quiet
749 2267 833 2339 adv.
856 2270 1049 2343 Praxeanc
1073 2290 1112 2347 et
1132 2274 1223 2345 Her·

132 2394 331 2469 magonem
354 2364 512 2461 scripsit,
539 2385 576 2438 et
592 2369 738 2443 Auctor
759 2369 920 2467 Dialogi
941 2371 986 2441 de
1010 2372 1222 2447 orthodoxa

120 2468 219 2575 fide,
246 2470 272 2541 s.
289 2469 356 2565 περὶ
372 2475 428 2559 tit
445 2473 487 2553 εἰς
507 2472 583 2537 Θεὸν
600 2469 693 2562 ὀρθῆς
710 2472 856 2554 πίστεως,
882 2488 948 2541 aut
965 2488 1100 2545 contra
1116 2482 1221 2547 Mar·

132 2576 308 2667 cionitas,
342 2570 411 2659 uti,
425 2586 463 2653 et
485 2568 710 2640 inscribitur.
771 2568 934 2643 Praefert
959 2575 1136 2673 Origenia
1158 2602 1222 2651 no·

130 2698 240 2757 mem
272 2670 458 2742 nondum.
473 2686 600 2741 autem
623 2694 681 2755 ree
707 2671 897 2765 explorata
921 2670 988 2758 est,
1024 2678 1221 2775 Origenem

133 2774 213 2846 eius
230 2790 422 2842 auctorem
440 2768 507 2841 elle
523 2788 560 2840 et
578 2772 750 2865 quamvis
770 2773 865 2843 iuter
881 2775 1116 2870 antiquiores
1132 2781 1219 2853 Scri·

130 2892 259 2970 ptores
275 2864 432 2967 stafilius
451 2889 487 2943 et
505 2870 708 2969 Gregorius
722 2877 905 2945 Nazianz.
923 2876 964 2945 id
980 2874 1168 2965 affirment
1181 2906 1218 2953 ao

130 2974 339 3067 recentiore
363 2990 481 3043 aetate
503 2978 561 3043 10.
577 2972 700 3067 Rciplr.
723 2966 958 3065 Wetsteniru,
986 2980 1055 3073 qui
1078 2983 1216 3078 primur

127 3076 269 3149 librum
287 3074 409 3160 bunc,
436 3074 747 3165 annotationibus
763 3073 1006 3162 illustratum,
1036 3104 1093 3179 gr.
1113 3084 1213 3157 etlat.

127 3175 168 3247 in
186 3179 313 3269 lucem
325 3174 506 3271 protulit,
533 3172 639 3245 Basrl.
660 3170 768 3247 1674.
794 3173 831 3247 ll.
858 3176 1032 3251 aelidem
1055 3184 1214 3277 proban·

129 3278 223 3359 dum
250 3302 381 3349 omnes
404 3276 550 3375 ingenii
571 3275 668 3349 vires
690 3275 881 3363 adhibeat,
906 3278 1081 3377 plerique
1096 3302 1213 3357 umen

128 3394 167 3451 et
182 3395 281 3451 recte
297 3402 318 3450 a
335 3376 517 3449 sententia
533 3379 603 3449 hac
619 3376 821 3450 discedunt.
837 3378 875 3471 *)

228 3514 271 3602 3)
296 3515 430 3584 Mani
438 3509 617 3597 circeos,
634 3514 900 3600 Ancnaraus,
920 3517 1211 3615 quidisputatio·

124 3640 213 3688 nem
233 3640 320 3687 cnm
336 3620 489 3685 Moneta
507 3611 686 3701 instituit,
712 3616 900 3709 huiusque
917 3622 1020 3689 Acta
1037 3622 1117 3713 ipse
1129 3624 1210 3715 syra

122 3718 295 3789 sermone
319 3716 463 3786 littaris.
476 3716 690 3801 mandavit,
717 3712 843 3812 postea
859 3718 977 3791 latine
998 3722 1146 3797 reddita
1160 3740 1207 3793 at·

122 3844 259 3914 queen
282 3818 591 3909 interpretatione
606 3818 676 3888 bac
693 3818 745 3888 ita
764 3818 879 3901 edita,
908 3838 951 3889 ut
971 3846 1069 3917 quae
1085 3848 1205 3921 graeca

121 3920 220 4015 apud
238 3914 494 4013 Epiphaniam
506 3918 705 4005 habemur,
731 3944 772 3991 ea
790 3919 1097 4017 adiungerentur.
1139 3932 1203 3997 Ex·

117 4088 326 4102 *uu-..—

150 4144 176 4207 ⁸¹)
195 4140 352 4196 l'arnrcrar
371 4138 390 4191 l.
408 4157 432 4194 c.
451 4158 481 4211 p.
500 4142 560 4197 225.
