2542 4724
426 274 661 365 orara
715 275 749 365 r.
780 274 852 353 ee.
1093 250 1171 350 us·
1216 316 1220 339 =

82 465 193 537 dium
216 486 262 535 ac
279 458 431 555 syllema
455 462 671 559 theologiae
694 458 918 534 christianae.
969 461 1116 533 Desunt
1131 458 1174 535 in

80 563 340 639 Cotecbefibus
362 565 440 647 his,
468 588 562 659 quae
580 560 782 655 systematis
800 562 952 658 propria
972 563 1071 634 sunt.
1169 646 1172 653 .

183 668 475 745 Acarnanes,
504 689 616 758 quem
639 666 819 733 nonnulli
840 665 916 733 huc
937 662 1105 734 referunt
1123 661 1173 734 ob

78 764 234 859 Σῦνοψιν
255 772 401 859 ἐπιτομῆς
426 773 482 849 τῆς
508 769 595 841 θείας
618 770 764 856 γραφῆς,
790 765 925 849 aniciam
951 765 1003 832 καὶ
1025 770 1089 847 νέας
1110 760 1178 833 dur·

80 874 203 961 θήκης,
220 861 431 968 succinctae
448 867 594 937 divinae
616 868 830 959 Scripturae
849 868 899 935 V.
918 878 955 935 et
969 870 1018 935 N.
1042 871 1085 935 Τ.
1104 868 1177 964 Sy-

82 960 226 1069 nopfin.
253 974 356 1039 Inter
376 971 498 1061 Opera
516 968 595 1037 eius
612 967 740 1036 locum
758 967 822 1037 illa
842 966 1026 1050 obtinuit;
1053 983 1178 1062 aperte

83 1090 260 1143 antenna
284 1093 374 1141 vero
404 1067 591 1151 aberrant,
618 1068 683 1161 qui
706 1059 889 1165 Synopfin
914 1069 1010 1137 hanc
1032 1067 1176 1162 scriptis

82 1168 325 1264 systematicis
344 1185 602 1238 annumerant.
656 1168 825 1239 Primum
842 1167 943 1238 enim
959 1169 1078 1238 inille
1094 1192 1178 1241 non

86 1274 266 1371 dogmata
285 1270 372 1341 fidei
386 1287 677 1363 proponuntur,
704 1268 764 1339 sed
782 1287 972 1353 narratur,
1001 1270 1091 1363 quid
1106 1268 1178 1341 sm·

46 1418 50 1427 ·
87 1376 189 1475 gulis
215 1371 424 1466 scripturae
458 1375 492 1440 S.
519 1370 623 1441 libris
658 1371 906 1440 contineatur.
976 1369 1177 1442 Consenlio

85 1498 193 1547 nunc
209 1490 395 1569 praeterea
413 1467 461 1542 est
477 1474 574 1541 inter
590 1470 758 1542 eruditos
774 1473 893 1554 Viros,
919 1470 1059 1542 librum
1075 1474 1179 1545 hunc
1195 1470 1198 1479 ’

88 1572 291 1651 Athanasio
307 1597 501 1669 perperam
516 1572 642 1643 tribui.
694 1572 798 1643 Idem
814 1568 1051 1644 statuendum
1065 1570 1115 1645 est
1130 1572 1179 1645 de

87 1674 266 1766 Σύνταγμα
291 1675 489 1758 διδασκαλίας
518 1674 590 1767 πρὸς
617 1674 797 1768 μονάζοντες
825 1674 877 1743 καὶ
900 1673 1016 1756 πάντας
1035 1701 1187 1767 χρισςτιαο

88 1778 162 1862 νοῦς
198 1772 361 1873 κληρικούς
405 1803 441 1846 τε
475 1776 527 1843 nal
561 1773 692 1859 λαϊκοὺς
725 1778 944 1872 Syntagmo
976 1776 1179 1862 doctrinae,
1239 1770 1242 1775 ¹

90 1880 144 1953 ud
159 1878 323 1949 bonrines
328 1869 519 1976 solitarios
537 1900 731 1969 omnesque
750 1875 825 1944 chri
840 1881 981 1961 tiunos,
1011 1890 1091 1945 tam
1107 1878 1180 1949 ele·

90 1985 208 2065 ricos,
244 2004 357 2075 quam
387 1978 521 2062 laicos,
560 1977 626 2070 qui
656 1977 805 2047 libellus
832 1977 963 2048 itidem
990 1976 1182 2050 Athanalii

90 2105 235 2155 nomen
251 2104 339 2175 prae
356 2077 390 2149 se
407 2080 517 2148 habet
543 2095 653 2170 atque
669 2102 688 2147 a
706 2079 904 2148 nonnullis
926 2078 1023 2149 inter
1048 2079 1182 2176 scripta

92 2180 319 2277 lystenratica
338 2198 567 2249 numeratur.
612 2178 682 2249 Sed
693 2178 731 2246 in
743 2181 997 2276 Syntagmotc
1013 2180 1088 2251 lroc
1099 2206 1184 2255 non

94 2284 142 2356 de
165 2280 406 2379 dogmatibus
434 2280 520 2351 lidei
544 2278 787 2373 praecipitur,
815 2278 878 2348 led
900 2278 997 2349 vitae
1013 2305 1184 2355 morum·

95 2408 171 2481 que
198 2384 347 2480 regulae
371 2382 572 2451 Mouaclris
603 2378 837 2474 praesertim,
869 2379 1181 2474 praescribuntur.

93 2490 201 2558 Num
217 2482 480 2555 etAthanalins
491 2482 709 2580 Spartamne
725 2480 800 2552 hoc
817 2480 1089 2574 composuerit,
1113 2508 1186 2558 neo

93 2582 170 2659 ne?
207 2585 311 2655 deco
331 2584 548 2678 disputatur.

198 2690 489 2768 Lac'ran'TmS,
517 2685 623 2757 cuius
637 2684 743 2761 Libri
757 2689 824 2757 VII
839 2674 1115 2780 Institutionum
1131 2686 1187 2758 di·

95 2790 270 2861 uinarum
286 2783 388 2856 baud
405 2787 710 2881 complectuntur
718 2782 869 2877 systema
886 2786 1077 2860 doctrinae
1093 2788 1188 2860 chri-

97 2886 253 2972 stianae,
288 2887 458 2980 quamvis
485 2888 526 2957 id
551 2886 744 2983 inscriptio
768 2884 921 2957 illarum
945 2889 1108 2961 indicare
1130 2889 1188 2961 vi·

100 2986 241 3063 deutur.
258 2985 295 3075 *)
347 2988 536 3082 Quaedam
559 3006 728 3071 tanturn,
753 3010 836 3056 non
863 2989 988 3059 omnia
1008 2990 1188 3085 docmate

98 3089 293 3187 religionis
309 3086 472 3172 nostrae,
496 3089 610 3159 tradit
626 3088 865 3160 Lactantius:
894 3088 939 3158 de
962 3090 1104 3162 chrito
1123 3117 1188 3165 co·

98 3192 203 3288 piol'e
218 3190 392 3284 exponit,
419 3191 561 3284 reliqua
578 3207 704 3260 autem
721 3188 839 3284 capita
858 3188 945 3260 fidei
957 3194 1189 3285 praetermit-

99 3292 160 3364 tit.
207 3296 329 3362 Immo
351 3290 497 3362 animus
518 3288 586 3385 ipsi
609 3289 685 3360 fuit
693 3342 704 3375 ,
733 3290 911 3387 dogmata
930 3314 1009 3361 non
1031 3309 1109 3365 tam
1126 3319 1191 3366 ex·

100 3393 240 3490 plicare
253 3415 295 3462 ac
310 3392 552 3473 confirmare;
576 3416 689 3487 quam
707 3389 904 3462 defendere
921 3409 1031 3487 atque
1046 3418 1191 3469 errores

99 3493 304 3567 hominum
320 3488 656 3587 superstitiosorum
674 3490 852 3576 refellere,
878 3492 918 3562 id
933 3495 1039 3588 quod
1054 3493 1190 3595 singuli

98 3593 191 3667 libri
219 3588 429 3664 ostendunt.
482 3599 628 3664 Eorum
651 3594 773 3686 primo
799 3591 936 3665 differie
959 3595 1005 3666 de
1027 3594 1117 3667 falsa
1134 3597 1190 3668 la·

99 3693 244 3792 pientia
262 3693 533 3791 impugnatque
547 3694 732 3777 homines,
751 3692 817 3786 qui
832 3696 939 3791 plura
951 3695 1108 3767 numina
1126 3722 1193 3769 co-

99 3800 210 3871 lunt:
233 3786 389 3891 secundo
412 3796 453 3865 in
476 3795 663 3892 originem
688 3794 821 3865 erroris
848 3794 1028 3869 derebus
1054 3799 1192 3873 divinis

96 3960 311 3981 Μ

138 4053 165 4119 ·)
183 4048 220 4125 Π..
242 4047 263 4101 1.
282 4047 395 4106 Seram
413 4049 454 4103 D.
473 4050 509 4102 de
526 4047 629 4119 pretio,
648 4042 894 4118 Institutionum
911 4047 1005 4108 etium
1038 4052 1198 4112 Laclantit‘

171 4114 341 4178 renuendo.
374 4118 472 4193 Lugd·
490 4118 523 4178 B.
542 4122 616 4177 tato·
640 4123 665 4177 d·
