2542 4724
78 469 163 545 ergo
181 446 291 547 'grati
317 461 436 545 atque
453 444 779 525 observantiffimi
795 452 982 529 omnium
1017 410 1150 485 um

66 642 120 691 un
143 617 268 693 animi
289 617 549 705 memoriam,
584 614 843 717 sequentibus
869 618 980 698 aevis
1016 602 1158 659 “mm

53 811 148 878 am,
173 788 271 865 Viro
294 788 411 864 cuius
430 787 514 864 vita
527 786 667 862 multis
682 790 996 891 praeclarisque,
1018 754 1166 859 aalma

40 958 165 1035 tentis
190 956 242 1034 ad
259 983 425 1035 omnem
437 956 682 1035 memoriam
701 956 756 1033 est
774 985 983 1035 commen·
1018 932 1134 1015 'stiffi

28 1128 217 1229 :uiusque
232 1153 387 1207 nomen
408 1128 572 1204 iamiam
588 1127 880 1205 immortalitati
902 1145 982 1206 tra·
1020 1110 1166 1191 mlum

16 1356 21 1369 .
38 1294 104 1372 est.

34 1590 59 1640 e
82 1591 185 1645 vero
207 1568 427 1670 ignoretis,
452 1564 564 1669 quod
578 1570 622 1644 in
639 1568 803 1645 noviter
821 1564 981 1645 edendo

11 1736 223 1815 confilium
235 1736 427 1837 sequutus
442 1737 531 1853 itm,
548 1753 588 1812 et
603 1735 702 1837 quid
716 1737 818 1813 mihi
834 1678 984 1839 specia·
1024 1635 1166 1913 15ῑέ

1027 1972 1150 2089 *aqum

0 1942 2 1971 ι
22 1907 223 2009 opofitum
235 1904 984 2011 fueritpaucisVobis,Viridoctiffim1

20 2075 301 2171 humillimi,
317 2103 408 2155 rem
424 2104 589 2157 omnem
605 2077 825 2182 explicabo.
1031 2146 1126 2247 Μ

16 2346 180 2459 irmiter¹
203 2397 370 2472 tenens,
412 2405 481 2457 me
503 2406 591 2457 non
614 2376 690 2455 elle
714 2396 905 2457 vocatum
929 2381 981 2459 ad
1034 2334 1119 2425 Une

0 2566 51 2626 ·t1
66 2551 266 2628 rationem
276 2548 541 2627 excusandam
556 2550 625 2626 vel
639 2550 854 2637 utilitatem
868 2550 981 2627 labo·
1037 2566 1106 2682 &W

7 2719 320 2813 monstrandam,
336 2746 469 2822 neque
481 2719 532 2797 ad
544 2742 703 2796 novum
719 2720 869 2797 librum
883 2720 978 2796 scri·
1042 2742 1094 2831 ᾗ,

30 2917 75 2982 1,
99 2888 168 2966 sed
192 2892 347 2967 odiam
370 2889 506 2994 scripti
530 2909 571 2968 et
588 2866 700 2985 editi,
720 2906 761 2968 et
778 2889 977 2966 divenditi
1039 2942 1082 3029 Ψ

19 3060 176 3139 luribus
210 3058 422 3139 defiderati
452 3063 546 3139 libri
567 3090 719 3138 novam
752 3060 976 3137 editionem
1043 3088 1068 3175 ᾖ

12 3228 170 3324 andam,
185 3232 372 3335 religiose
386 3258 453 3309 me
470 3232 601 3337 ipsum
611 3234 659 3308 ab
674 3198 863 3309 omnibus
880 3259 977 3333 pro·
1042 3280 1057 3339 3

2 3460 13 3492 ‚
39 3426 140 3501 quae
158 3419 267 3481 extra
282 3403 518 3480 mandatum
537 3401 660 3480 effent
676 3429 815 3479 meum
831 3418 870 3478 et
887 3403 976 3501 qui·

214 3574 222 3590 ¹
261 3576 449 3652 τι’ῆῑυῑιίο
469 3571 656 3650 deleville
672 3572 898 3678 suspectum
906 3598 975 3648 me
