2542 4724
1139 283 1174 353 V

640 392 646 425 i

70 546 242 623 incertus
265 547 446 637 haereo,
471 561 662 623 utrumne
678 549 793 649 prius
810 566 851 625 et
864 526 1002 654 potino
1023 565 1169 639 merita

70 715 196 792 Vestra
229 717 280 792 in
313 741 406 792 rem
437 715 640 817 publicam
678 717 855 795 nostram
885 723 1069 850 laudem,
1114 760 1166 810 an
1242 762 1249 771 ·

69 880 249 961 savorem
273 887 322 961 in
352 912 421 960 me
447 883 651 977 Vestrum,
690 904 730 962 et
754 889 1034 977 liberalitatem
1065 897 1165 978 faci·
1251 926 1255 930 ·

69 1053 321 1155 btatemque,
358 1080 536 1154 quorum
560 1055 777 1133 innumera
804 1060 955 1139 exstant
985 1067 1161 1151 testimo·
1199 1117 1204 1122 ·

68 1222 147 1314 nia,
174 1248 328 1299 amem.

158 1569 277 1670 Quae
303 1590 399 1640 cum
424 1566 480 1640 ita
500 1565 595 1659 lint,
626 1567 677 1643 ad
696 1594 762 1643 me
778 1571 984 1671 pertinere
1008 1567 1156 1659 censui,

10 1772 13 1865 p
65 1761 178 1835 quam
194 1734 389 1835 religiose
406 1739 582 1838 oprimis
599 1738 696 1814 inde
711 1738 978 1840 temporibus,
1007 1738 1185 1837 quibua,

10 1870 14 1967 i
61 1907 181 1980 multa
205 1921 249 1981 et
260 1904 442 1980 iucunda
459 1906 706 1984 consuetudo
726 1909 933 1985 coniuncti
947 1910 1053 1982 inter
1074 1931 1151 1981 nos

10 2046 13 2183 ζ
60 2071 211 2167 snmus,
238 2101 309 2151 me
337 2074 617 2151 obstrinxerim
642 2076 693 2152 ad
717 2076 895 2151 studium
919 2077 1153 2175 cultumque

10 2196 12 2203 Ι
59 2245 238 2318 nominis
255 2242 387 2319 Vestri
402 2242 711 2343 Veflrtuumque
734 2247 955 2336 virtutum,
981 2272 1068 2321 non
1091 2245 1153 2321 so·
1256 2320 1263 2349 „

59 2412 141 2488 lum
166 2415 300 2516 pasam
326 2408 534 2515 profiteri,
567 2410 638 2487 sed
665 2413 786 2487 etiam
814 2438 985 2531 curare,
1012 2427 1153 2547 wilm*

58 2580 242 2671 iteritati,
275 2578 425 2657 sifieri
448 2581 493 2657 id
516 2579 663 2684 posset,
698 2585 936 2657 innotescat.
990 2586 1065 2659 Cui
1088 2587 1155 2661 rei

10 2720 12 2873 ζ
58 2747 264 2828 faciendae
308 2778 402 2828 cum
445 2752 635 2850 equidem
674 2712 844 2828 omnino
885 2750 958 2836 sun
991 2755 1151 2859 impar,-

60 2922 203 3023 quippe
256 2922 346 3020 qui·
378 2921 576 3022 ingenioli
609 2921 706 2995 -mei
751 2918 860 2997 fetus
911 2923 1150 3019 qualescun-

61 3114 132 3188 que
167 3117 256 3167 non
289 3088 365 3166 nisi
396 3117 494 3165 mox
530 3091 735 3192 periturae
780 3092 938 3166 chartae
981 3091 1148 3166 credere

10 3234 13 3373 i
61 3282 220 3357 queam,
255 3274 613 3371 peropportunum
632 3260 736 3334 mihi
759 3259 925 3350 accidit,
952 3258 1063 3357 quod
1088 3259 1149 3332 bi-

10 3376 13 3457 !
58 3424 240 3532 bliopolii
255 3429 523 3508 Croekeriani
537 3430 844 3531 proprietarius,
861 3432 926 3506 vir
942 3426 1149 3503 honestate

10 3602 13 3707 j
60 3614 93 3671 et
112 3601 316 3700 probitate
339 3596 528 3699 insignis,
558 3625 580 3673 a
602 3624 670 3674 me
698 3570 878 3700 peteret,
905 3613 952 3673 ut
973 3595 1047 3697 ipsi
1072 3622 1149 3671 no-

10 3818 12 3883 3
58 3793 141 3846 ram
157 3771 387 3859 editionem
400 3768 516 3859 libri,
543 3793 666 3868 quem
685 3765 831 3843 summi
850 3765 957 3867 apud
971 3764 1145 3881 Nostros

10 3954 12 3965 '
56 3957 90 4016 et
101 3898 275 4020 Externa
288 3939 470 4018 nominis
489 3938 728 4039 theologus,
755 3940 812 4011 10.
832 3941 901 4012 Ge.
916 3934 1142 4022 Walchius,

55 4108 97 4187 de
119 4140 163 4190 re
182 4111 392 4217 patristica
416 4106 720 4233 conscripserat,
762 4129 957 4183 curarem.
1020 4105 1141 4180 Com·
