2542 4724
20 218 240 397 564Ι
433 283 836 415 crantor

151 460 158 470 “
562 471 597 563 ο
648 431 712 548 u.

17 686 19 691 ·
189 645 286 719 Duo
339 640 470 717 riores
500 636 738 729 adversarii,
763 637 952 718 homines
971 646 1124 746 pagani
1142 672 1181 723 ac

47 759 52 769 '
87 743 239 833 Iudaei,
262 667 387 842 ipssm
403 740 644 840 religionem
662 738 914 815 christianam
932 769 957 818 o
987 770 1047 844 pu
1107 774 1180 839 are,

87 852 192 933 imo,
228 842 322 917 srid
345 839 435 916 fieri
456 838 909 942 posseuexstingucre,
964 844 1026 919 rbi
1062 846 1182 923 amse-

37 976 43 989 ·
86 962 202 1034 runt;
230 970 307 1017 nec
321 941 450 1017 solum
470 942 658 1041 dogmata
672 942 851 1037 illorum,
870 946 1081 1041 tamquam
1095 946 1182 1025 fato

89 1074 134 1123 ac
162 1043 370 1145 perversa,
410 1041 747 1142 perstrinxerunt,
785 1040 856 1115 sed
882 1042 991 1145 ipsos
1023 1072 1182 1149 quoque

85 1148 272 1224 homines
293 1143 526 1219 christianae
536 1140 789 1243 professionis
803 1168 1053 1243 magnorum
1067 1152 1182 1227 vitio·

83 1274 192 1336 rum,
217 1240 478 1346 flagitiorum,
504 1240 698 1319 scelerum
720 1242 962 1321 accusarunt.
1008 1252 1181 1354 Scripto-

87 1374 201 1437 rum,
239 1371 341 1444 quae
374 1345 420 1419 ab
452 1344 745 1441 antiquioribus
768 1346 1014 1424 Auctoribus
1046 1368 1180 1427 contra

86 1448 220 1525 hostes
258 1447 334 1520 hos
372 1471 448 1545 pro
478 1445 651 1520 veritate
684 1442 936 1520 sanctissimae
969 1451 1179 1552 religionis

88 1545 308 1648 compofita
339 1543 450 1634 sunt,
496 1569 693 1620 uumerus
725 1571 811 1619 non
844 1548 1016 1646 exiguus
1053 1552 1112 1627 est
1141 1578 1179 1627 ac

88 1649 272 1747 quamvis
296 1672 382 1721 non
408 1646 543 1720 omnia
567 1646 615 1719 ab
638 1647 788 1719 iniuria
812 1651 1008 1749 temporis
1030 1650 1075 1727 se
1099 1656 1178 1729 vin·

88 1751 223 1825 dicare
238 1747 464 1847 potuerint,
489 1773 575 1821 uon
590 1772 717 1847 pauca
733 1761 869 1821 tamen
893 1749 1132 1829 conservata
1145 1768 1179 1828 et

88 1850 139 1924 ad
154 1873 230 1923 nos
251 1848 379 1923 delata
393 1845 494 1922 sunt.
529 1851 801 1923 Monumenta
814 1848 913 1922 haec
929 1875 1063 1945 quum
1078 1879 1178 1931 nnnc

87 1946 441 2026 commemoranda
464 1948 559 2039 sint,
591 1948 756 2023 initium
780 1948 827 2022 ab
850 1950 901 2024 iis
932 1948 1176 2045 faciendum,

87 2076 190 2151 quae
209 2066 346 2125 contra
363 2050 526 2143 homines
540 2076 717 2150 paganos
734 2048 955 2149 etquidem
974 2079 997 2126 a
1008 2056 1177 2159 Scripto-

86 2153 199 2231 ribus
224 2155 413 2253 graecis
442 2150 663 2251 conscripta
690 2150 782 2227 lunt
807 2176 851 2225 ac
873 2152 1131 2254 prodierunt.
1143 2158 1174 2251 *l

83 2252 148 2331 Ad
165 2253 303 2327 locum
318 2250 429 2325 hunc
444 2252 667 2352 portinent:
799 2260 803 2269 '
1137 2294 1140 2299 ·

188 2358 355 2428 1118le
379 2361 499 2429 Mart.
540 2357 711 2447 Ἀπολογία
743 2359 851 2455 πρώτη
878 2353 955 2454 ὑπὲρ
982 2366 1172 2461 Χριστιανῶν,

84 2461 157 2555 πρὸς
184 2462 362 2528 Ἀντιυνῒοον
386 2460 440 2529 τὸν
464 2453 599 2548 εὐσεβῆ,
634 2483 728 2553 quae
750 2461 906 2558 longior
926 2459 995 2547 est,
1024 2482 1065 2538 et
1089 2472 1172 2543 ’Arar

2 2552 10 2580 '
86 2562 182 2652 λογιά
205 2562 336 2649 δευτέρα
362 2553 436 2653 ὑπὲρ
459 2564 665 2652 Χριστιανῶν,
691 2563 765 2656 πρὸς
792 2564 850 2651 τὴν
867 2570 1021 2655 Ρωμαίων
1045 2566 1171 2659 οὑγὼ-

84 2692 161 2746 τον,
196 2684 291 2754 quae
321 2658 470 2731 brevior
498 2655 557 2731 est.
623 2663 795 2761 Vulgaris
819 2665 977 2757 qnidam
1000 2668 1169 2743 sentmrir

87 2760 157 2849 est,
184 2762 351 2857 primurn
375 2760 547 2854 scriptam
572 2759 640 2835 esse
664 2764 874 2836 breviorem
894 2791 935 2837 ac
951 2766 1083 2862 postea
1097 2772 1169 2843 lon·

85 2865 253 2963 giorem,
287 2861 339 2932 ita
365 2879 408 2932 ut
430 2862 493 2933 illa
515 2863 657 2957 prima,
694 2864 785 2935 haec
808 2864 968 2938 secundo
988 2867 1168 2945 numani

85 2964 240 3046 debeat3
274 2987 355 3033 non
378 2981 506 3034 autem
531 2982 629 3035 recte
652 2981 765 3060 atque
788 2985 957 3039 accurate
979 2970 1036 3041 ita
1059 2968 1166 3055 sirmi,

86 3066 193 3137 docti
212 3064 284 3135 viri
301 3058 656 3137 animadverterunt.
709 3073 857 3139 Praeter
871 3070 1086 3169 Apologiaa
1100 3074 1165 3153 lm,

84 3167 157 3239 alia
173 3162 303 3237 Iustini
326 3165 458 3260 script-a
483 3166 531 3234 ad
545 3167 676 3243 locum
694 3167 796 3239 hunc
817 3167 943 3241 referri
962 3171 1102 3245 debent
1117 3174 1167 3243 in·

84 3292 160 3362 que
174 3290 333 3338 numero
351 3291 485 3339 eorum
500 3265 604 3339 sunt:
644 3271 975 3362 Λόγοςποραιοετιιώς
1006 3273 1165 3371 Lporiru

79 3368 244 3457 Ἔλεγχος
272 3373 344 3461 πρὸς
372 3368 554 3459 Ἕλληνας,
583 3369 789 3466 Coargutio
810 3372 861 3441 ud
887 3373 1072 3460 Graecos,
1103 3396 1164 3471 qur

83 3467 357 3563 disputatio-fit
382 3470 427 3540 oe
450 3468 634 3566 religione
658 3472 829 3567 gentium
850 3471 1097 3565 profanarum
1112 3474 1165 3545 de·
1212 3530 1214 3535 .

83 3568 253 3650 serenda,
287 3567 583 3642 Christianorum
611 3588 737 3645 autem
760 3574 1042 3668 amplectenda3
1073 3578 1164 3667 Λόγος

82 3676 159 3763 πρὸς
174 3670 355 3759 Ἕλληνος,
382 3670 543 3741 Libellus
564 3673 616 3741 orl
634 3674 807 3756 Graecos,
834 3699 910 3767 quo
932 3672 1110 3763 ostendit,
1134 3674 1162 3747 [ο

84 3772 243 3843 ethnicis
260 3768 600 3868 superstitionibus,
629 3796 748 3869 quum
771 3771 998 3869 plenislimae
1021 3775 1161 3853 illuces-

116 4000 218 4125 ’6
240 3994 541 4123 totana.
559 3996 667 4125 66
688 3995 920 4125 6666
946 3998 1017 4131 ta
1033 4002 1057 4127 t·
1089 3998 1160 4145 'rtt

149 4140 223 4195 1829.
240 4140 264 4194 8.
286 4152 316 4206 p·
334 4138 393 4193 200.
411 4136 471 4191 Boo.
