2542 4724
113 262 191 347 tta
310 338 313 343 .
368 266 580 345 ·‘Car.
616 264 715 342 vm.
767 258 888 358 §.ta

42 475 45 479 ·
108 454 390 555 Qtrae'sensum
410 456 610 527 litteralem
632 452 789 538 habent,
823 477 865 526 ea
887 451 986 524 riic'ta
1010 477 1205 526 nonnum·

109 572 234 655 lquam
263 557 460 655 allegorice
490 558 769 653 interpretatur.
828 552 996 647 amitit,
1040 557 1099 627 uti
1128 557 1202 639 alii,

116 659 441 759 linguae-ebraeae
466 683 507 729 ec
524 681 673 754 graecae
696 657 859 755 ignarus.
914 663 1018 752 Quae
1033 653 1206 755 Augusti·

117 784 192 833 uus
209 761 257 833 ad
270 757 433 857 exegelin
445 760 657 829 Bibliorum
674 764 732 830 SS.
752 758 915 829 contulit
931 759 1086 854 collegit
1101 764 1204 829 Dav.

116 866 324 933 Laurens
341 860 382 931 in
395 859 518 931 Bittio
530 849 826 960 Augustiniano‚
851 864 977 930 Lutet.
992 864 1074 930 Par.
1094 858 1206 933 1670.

117 964 165 1033 ΙΙ.
192 960 260 1033 fol.
279 959 317 1050 *)

114 1120 118 1127 .
219 1069 475 1136 Hraaonrmr
506 1060 775 1135 Commentarii
799 1062 840 1132 in
868 1050 1126 1157 Ecclefiosten‚
1166 1060 1207 1132 in

115 1162 328 1259 ·Proplretos
345 1169 504 1235 maiores
519 1189 562 1236 ac
577 1166 753 1255 minoret,
782 1163 917 1259 quibus
932 1164 1031 1232 inter
1045 1164 1208 1258 reliquas

114 1265 201 1336 eius
218 1262 468 1359 expositiones
484 1266 650 1361 primum
665 1266 795 1335 locum
813 1262 955 1348 deberi,
991 1288 1126 1335 omues
1142 1265 1207 1335 ha·

115 1390 353 1437 rumrrerum
378 1366 489 1460 periti
513 1365 696 1449 fatentem
740 1390 855 1459 porro
887 1365 926 1435 in
950 1364 1206 1449 Mottlroeum,

114 1465 160 1535 in
178 1493 289 1560 quem
307 1463 519 1539 festinanter
537 1467 571 1538 se
592 1484 889 1539 commentatum
906 1464 993 1549 elle,
1029 1466 1108 1561 ipse
1126 1491 1209 1537 non

119 1566 326 1650 diffitetur3
367 1568 407 1638 in
433 1559 619 1665 Epistulas
644 1568 695 1638 od
725 1567 906 1653 Galatas,
945 1566 996 1638 od
1020 1558 1206 1664 Ephefios,

121 1669 175 1737 od
197 1672 333 1752 Titum,
361 1671 412 1738 od
428 1670 689 1740 Philemonem.
743 1675 889 1739 Praeter
907 1668 1209 1739 Commentarios

114 1768 194 1839 llos
219 1771 477 1861 Hieronymus
502 1772 570 1840 alia
591 1767 747 1864 scripsit,
775 1795 869 1864 quae
892 1770 940 1839 ad
957 1768 1210 1867 Theologiam

116 1871 351 1965 exegeticam
364 1872 530 1965 quodam
548 1870 667 1942 modo
687 1871 884 1965 pertinent,
910 1872 1058 1962 hucque
1073 1867 1220 1969 referre¹

121 1968 313 2065 polsaemus
331 1974 487 2043 Librum
507 1973 551 2043 de
566 1976 867 2066 interpretatione
883 1974 1073 2040 noritinunr
1089 1968 1210 2041 ebroi-

120 2094 275 2150 corum;
310 2072 355 2143 de
380 2074 467 2144 locis
490 2072 642 2144 ebroicis
667 2073 692 2143 s.
712 2072 758 2143 de
769 2066 844 2168 situ
872 2087 908 2142 et
929 2070 1138 2141 nominibus
1157 2072 1210 2143 io·

117 2196 249 2242 uorum
266 2171 519 2253 ebroicarum
544 2175 700 2245 Librum
709 2165 961 2269 quaestionum
978 2170 1211 2243 ebroicarum

123 2265 334 2364 inGenefin,
360 2300 436 2369 quo
453 2274 656 2346 versionem
674 2277 828 2345 latinam
849 2300 935 2346 curn
952 2290 1057 2344 textu
1067 2274 1206 2344 'ebraeo

123 2396 167 2442 ac
182 2372 414 2447 versionibus
432 2377 569 2473 graecis
592 2374 758 2462 confirt,
793 2400 971 2446 unacum
992 2375 1103 2445 variis
1129 2376 1208 2446 eius

117 2464 320 2568 Epistulas,-¹
349 2498 449 2570 quaa
468 2476 614 2548 ciiticae
636 2477 661 2547 s.
690 2474 896 2574 exegeticae
922 2477 1016 2547 sunt.
1072 2482 1210 2571 Quem·

123 2574 331 2648 admodum
357 2579 455 2648 inter
480 2602 632 2675 graecos
655 2579 798 2649 ordinis
827 2579 913 2648 sacri
939 2584 1063 2647 Patres
1081 2577 1210 2674 Orige-

122 2698 208 2759 nes,
237 2676 288 2746 ita
307 2679 405 2749 iuter
420 2679 558 2750 latinos
576 2679 833 2770 Hieronymus
858 2680 1030 2773 princeps
1053 2674 1130 2747 fuit
1156 2676 1211 2747 di·

121 2775 233 2845 trinae
250 2779 458 2870 Scripturae
473 2779 665 2874 interpres.
718 2786 843 2875 Quum
869 2781 969 2850 enim
992 2780 1211 2872 linguarum

122 2875 289 2962 ebraeae,
316 2881 526 2967 chaldaeae,
556 2903 706 2979 graecae
730 2904 771 2951 ac
787 2881 923 2950 latinae
940 2881 1082 2974 peritus
1109 2877 1211 2962 esset,

122 2974 495 3071 interpretationibus
513 2982 663 3081 graecis,
691 2984 840 3076 quaein
857 2986 1062 3053 Oaroarsrs
1080 2985 1213 3049 Hero·

120 3078 192 3170 plis
218 3099 340 3167 erant,
376 3101 561 3168 uteretur,
597 3083 764 3154 eruditos
790 3085 948 3153 Iudaeos
978 3082 1210 3167 consuleret,

123 3178 343 3273 graecorum
360 3184 640 3279 latinorumque
656 3186 888 3277 Scriptorum
912 3182 1212 3255 commentarios

122 3280 281 3376 legeret,
327 3285 372 3356 iis
404 3285 487 3356 sane
524 3284 691 3357 subsidiis
728 3282 927 3356 instructus
968 3301 1065 3366 erat,
1117 3310 1214 3379 quae

123 3380 172 3449 ad
196 3383 372 3457 Codicem
407 3386 575 3457 divinum
608 3389 679 3458 rite
711 3387 987 3481 explanandum
1019 3384 1215 3456 necessaria

122 3480 221 3552 sunt.
273 3488 397 3557 Multa
422 3488 565 3558 suntin
589 3489 732 3583 scriptis
756 3489 857 3557 illius
882 3487 1077 3582 exegeticis
1099 3486 1213 3557 laude

124 3580 259 3678 digna,
298 3612 367 3659 nec
395 3591 522 3687 negari
548 3589 687 3683 potest,
732 3615 777 3660 ex
801 3588 1089 3661 Cunnueutariis
1116 3588 1214 3670 eius,

123 3681 297 3778 inprimis
322 3690 363 3759 in
385 3692 589 3787 Prophetas
619 3697 657 3763 V.
683 3697 748 3776 T.,
782 3691 823 3760 in
852 3690 1009 3775 lobum,
1043 3687 1084 3757 in
1110 3693 1214 3759 Mat·

124 3830 358 3852 “nu—-

154 3918 186 3983 'i
200 3922 419 3980 Rorrrnlirurn
438 3926 458 3979 l.
478 3944 502 3980 c.
520 3944 549 3998 p.
565 3930 623 3983 398.
668 3926 703 3982 ll.
724 3928 792 3981 Nre.
812 3927 944 3981 Garusru
968 3928 1043 3980 Aur.
1066 3917 1214 3994 Augrrfii·

188 4009 248 4044 nrtt
264 3992 475 4061 Hipponensis,
494 3995 523 4049 S.
537 3994 711 4062 Scripturas
728 3995 881 4063 interpres.
902 3997 931 4048 l'.
947 3993 968 4047 l.
988 3996 1085 4049 llarn.
1097 3998 1172 4051 rsit.
1189 4000 1215 4049 s.

190 4060 219 4113 S.
238 4061 268 4113 G.
289 4064 335 4113 W.
353 4062 540 4139 'llrrr'ursuiiaa
566 4058 757 4135 Augustinus
781 4073 810 4118 et
837 4064 1040 4135 llr'eronymus
1071 4063 1107 4117 tle
1136 4067 1167 4118 S.
1186 4062 1214 4115 S.

190 4146 230 4180 ea·
247 4128 327 4185 tretr.
346 4134 575 4204 interpretando
594 4134 789 4203 disputantes.
824 4133 897 4187 lbid.
919 4136 992 4191 1825.
1026 4135 1051 4188 8.
