2542 4724
987 304 993 321 ι
1128 248 1185 322 IX

85 526 244 602 oracula
265 492 506 625 magnatum
531 521 778 602 consulendi.
830 528 875 604 Si
898 526 1093 628 quisunt,
1113 532 1185 631 qui

82 722 203 798 porro
226 693 386 794 aliquid
409 693 504 769 addi
523 692 693 796 potuiffe
717 695 955 788 iudicant,
942 700 976 773 ri
1001 700 1183 800 cogitent

83 866 223 956 aelim,
247 858 392 941 mihi
379 880 485 940 mter
510 865 645 1007 operis
669 867 874 943 terminos
890 864 1181 947 subsistendum

84 1032 205 1109 inille.
261 1035 395 1139 Quo
382 1059 473 1108 aure
498 1048 632 1109 autem
649 1034 750 1117 haec
772 1063 864 1111 mea
880 1032 1005 1114 editio
1026 1039 1182 1115 auctior

83 1206 288 1280 nominari
273 1200 429 1304 'poffit,
445 1204 514 1278 vel
528 1218 723 1281 numerus
740 1209 980 1323 paginarum
995 1232 1182 1308 paragra·
1263 1198 1266 1207 ’

85 1374 347 1477 pharumque
363 1371 635 1451 demonstrare
650 1374 793 1478 potest.

177 1653 319 1725 Locos
337 1648 491 1750 plures,
515 1673 569 1724 ex
583 1648 764 1724 Patribus
782 1645 1186 1757 graecis,qu1aputl

85 1817 318 1892 Walchium
358 1817 481 1891 latina
517 1776 674 1893 tanlum
710 1817 895 1895 verfione
925 1784 1180 1919 legebanlar‚
1263 1914 1266 1919 ³

83 1989 221 2088 lingua
253 1988 445 2089 originali
483 1984 687 2088 adscripfi,
719 2003 761 2062 et
791 1988 866 2062 alia
891 2012 941 2061 ex
969 1988 1182 2087 utriusque

82 2158 245 2259 linguae
255 2157 457 2250 Patribus,
467 2183 567 2256 quae
580 2140 840 2259 inepitomeia
851 2146 1180 2279 coacta-dederat,

83 2324 184 2431 ipsas
198 2330 420 2404 Auctorum
435 2327 570 2404 verbis
588 2326 714 2417 attuli,
726 2327 782 2401 ita
796 2341 844 2402 ut
857 2326 979 2401 instar
995 2326 1183 2404 Chresto·

83 2498 259 2575 mathiae
274 2493 586 2621 patriliicaeelle
602 2493 755 2600 pollint.
800 2498 1017 2574 Caeterum
1037 2522 1180 2575 omnes

85 2687 124 2744 et
140 2668 308 2770 singuli,
335 2667 406 2766 qui
421 2667 466 2741 in
481 2624 585 2742 libro
604 2667 776 2741 citantur
796 2640 891 2758 108,
925 2693 1018 2744 cum
1034 2693 1182 2747 monu-

85 2841 230 2917 mentis
250 2835 420 2927 contuli,
438 2861 488 2911 ex
506 2836 651 2935 ciuibus
676 2833 854 2911 desumta
868 2833 969 2914 lant.

183 3118 368 3215 Operam
392 3108 566 3208 denique
590 3123 631 3182 et
649 3108 833 3183 laborem
854 3105 1047 3185 consumfi
1062 3111 1107 3186 in
1121 3113 1184 3186 in·

88 3282 244 3359 dicibus
270 3306 394 3381 quam
417 3276 685 3380 copiosrffimis
711 3295 752 3354 et
776 3273 1070 3354 accuratillimis
1091 3304 1187 3355 con·

88 3450 286 3528 ficiendis.
339 3451 414 3526 His
441 3449 551 3525 enim
573 3452 749 3525 multum
770 3450 904 3525 iuvari
925 3449 1020 3524 libri
1035 3448 1186 3524 utilita-

87 3642 190 3715 tem,
229 3618 351 3696 facile
375 3619 547 3720 quisque
571 3618 804 3722 perspiciet,
842 3644 936 3694 cum
960 3615 1186 3693 distributio

92 3790 317 3896 argumenti
344 3790 391 3864 in
421 3791 561 3892 capita,
579 3750 726 3890 *qualis
750 3788 936 3867 Walchio
967 3786 1187 3886 placuerat,

89 3988 259 4065 operam
288 3959 578 4061 conquirendi,
611 3984 715 4060 quae
739 3957 790 4034 de
814 3956 978 4060 singulis
1003 3952 1189 4030 Patribus

92 4132 188 4208 [citu
200 4131 324 4232 digna
335 4129 591 4222 exhibentur,
603 4126 727 4233 paulo
745 4121 1017 4204 difficiliorem
1031 4119 1187 4199 reddat.
