2542 4724
340 364 345 379 ·
403 326 485 398 (ΞΑ
512 344 548 401 u.
583 321 652 396 XI.
703 320 738 414 5.
769 320 856 407 108.
1086 306 1168 401 6'21

70 514 197 601 ἔντοῖς
230 511 307 585 πᾶσι
338 507 523 603 notitioni,
555 510 599 583 ed
629 509 686 606 μὲν
717 508 914 605 πνευματικὰ
942 509 1000 604 τῆς
1025 470 1191 606 πονηρίας.

69 614 126 687 καὶ
157 614 314 707 ἀγγέλους
336 612 620 709 παραβεβηκότας,
653 611 707 683 καὶ
733 616 764 685 t'u
789 614 968 695 ἂποστασὲᾳ
983 615 1169 705 γεγονότας,
1264 698 1267 705 Ι

68 722 126 788 nol
146 714 222 801 τοὺς
250 717 384 800 ἆσεβεῖς,
409 717 462 786 καὶ
486 716 613 801 ἀδίκους
639 713 694 784 καὶ
720 717 852 810 ἀνόμους
875 714 931 786 καὶ
952 716 1170 811 βλασφήμοις

68 824 137 894 ’τῶν
163 816 334 913 ἂνθρῶπων
356 819 397 901 εἰς
425 820 464 887 τὸ
487 814 605 887 diducat
628 822 694 910 πῦρ
718 819 852 912 πέμψῃ·
877 820 947 901 τοῖς
968 806 1003 886 δὲ
1027 818 1169 904 δικαίοις,

69 923 125 994 καὶ
159 922 253 1005 ὁσίοις
289 916 342 989 καὶ
374 919 431 1004 τὰς
468 917 594 1000 ἐντολὰς
631 913 736 989 αὑτοῦ
771 923 956 1014 retqqqno'oi
989 917 1044 988 nai
1070 920 1169 1013 ἔντῆ

68 1022 178 1116 &inq
211 1018 315 1093 αὑτοῦ
350 1020 603 1117 διαμεμενηκόσι,
639 1025 708 1105 τοῖς
744 1023 798 1093 ἄπ’
821 1024 946 1114 ρρχῆς,
977 1029 1046 1106 τοῖς
1072 1020 1105 1089 δὲ
1130 1020 1171 1093 ἐκ

63 1133 233 1221 μετανοίας
261 1122 345 1219 ζωὴν
367 1120 586 1216 χαρισάμενος.
611 1116 790 1221 ἀφθαρσίαν
812 1123 983 1218 δωρήσηταέ
1003 1120 1172 1213 καὶδόξαν

62 1224 190 1299 αἰώνιον
209 1224 404 1320 περιποιήση.
437 1224 566 1294 Fidem
582 1226 619 1293 in
630 1228 878 1315 unuchum
887 1227 1043 1325 Patrem
1052 1224 1173 1295 omni·
1233 1302 1236 1313 Ι

63 1339 275 1437 poqentem,
311 1325 377 1419 qui
407 1320 502 1405 fecit
531 1325 673 1397 eoelum
699 1340 737 1397 et
768 1341 910 1399 terram
941 1340 979 1398 et
1000 1349 1106 1397 mare
1132 1334 1172 1397 ct

65 1432 216 1514 omnia,
241 1446 344 1523 ‘quac
368 1427 406 1494 in
431 1427 482 1495 cis
502 1419 611 1520 sunt,
646 1440 684 1497 et
705 1430 742 1497 in
774 1454 889 1499 unum
913 1422 1036 1526 Iesum
1063 1424 1169 1497 Clui-

57 1520 176 1629 slum,
200 1530 336 1601 Filium
350 1527 426 1597 Dei
450 1528 691 1598 incarnatum
705 1552 777 1624 pro
796 1523 920 1629 salute
934 1520 1061 1626 nostra
1076 1541 1113 1600 et
1128 1530 1168 1598 in

65 1634 250 1731 Spiritum
274 1632 478 1715 Sanctum,
511 1628 574 1723 qui
599 1652 667 1724 per
695 1629 911 1727 Prophetas
934 1628 1171 1726 praedicavit

62 1723 316 1837 dispostioncs
332 1731 408 1801 Dei
432 1743 468 1800 ct
488 1730 691 1802 adventum
718 1731 770 1801 ad
793 1755 897 1815 eam,
926 1755 1023 1826 quoe
1046 1722 1097 1828 est
1119 1750 1169 1803 ex

59 1836 223 1935 uirgine,
248 1834 529 1931 generationem
546 1845 583 1901 ct
596 1823 797 1928 paffionem
815 1845 852 1903 et
867 1856 907 1902 re
922 1836 1170 1904 urrectioncm

63 1964 90 2011 a
108 1937 285 2019 mortuis,
312 1936 400 2005 etin
418 1956 530 2003 carne
551 1935 588 2002 in
610 1933 730 2005 coelos
747 1928 877 2034 adscen
893 1958 1018 2005 ionem
1034 1935 1169 2027 delecti

63 2028 153 2139 Iesu
169 2028 300 2134 Clirfii
316 2036 478 2106 Domini
500 2024 613 2130 nostri
631 2048 668 2104 ct
692 2036 738 2106 de
759 2036 868 2107 coelis
892 2039 930 2104 in
946 2035 1074 2134 gloria
1090 2039 1168 2106 Pa·

64 2144 135 2214 tris
156 2140 360 2211 adventum
382 2137 434 2206 ad
457 2134 747 2232 recapitulanda
772 2129 942 2236 universa
965 2152 1004 2208 et
1018 2130 1189 2237 resusci-¹

63 2242 226 2315 tendam
249 2263 397 2312 omnem
421 2262 571 2309 carnem
588 2236 744 2309 burnani
756 2241 926 2337 generis,
956 2228 1168 2334 ut,.Clrr1slo

63 2337 166 2448 Iesu,
200 2340 369 2414 Domino
394 2330 517 2436 nostro
544 2352 581 2410 et
597 2343 684 2411 Deo
706 2353 744 2411 ct
768 2341 965 2412 Salvatori
996 2355 1034 2413 et
1054 2341 1166 2441 Regi,

55 2438 264 2549 ficundunt
287 2444 470 2539 placitum
486 2444 614 2511 Patris
628 2434 811 2541 invifibilis
826 2466 936 2515 omne
957 2464 1060 2540 genu
1084 2466 1167 2514 cua·

62 2560 128 2621 vet
144 2536 349 2643 coelestium
372 2560 408 2615 ct
431 2534 655 2640 terrestrium
678 2557 716 2614 et
730 2540 963 2642 infernorum
981 2557 1018 2614 ct
1041 2546 1164 2617 omnis

63 2650 198 2747 lingua
222 2641 446 2745 confiteatur
461 2647 512 2731 ei,
537 2657 574 2716 et
599 2646 774 2718 iudicium
791 2636 924 2742 iustum
940 2649 977 2717 in
994 2642 1166 2719 omnibus

57 2750 209 2853 faciat:
225 2740 418 2847 spiritalia
444 2747 592 2843 quidem
611 2749 797 2844 nequitiae
810 2762 848 2818 et
865 2749 1022 2848 angelos
1039 2762 1165 2821 trans·

62 2844 204 2955 grcffos
230 2864 345 2946 atque
370 2839 564 2945 apostatas
578 2848 716 2950 suctos
738 2861 776 2919 et
797 2851 933 2945 impios
957 2862 994 2921 et
1017 2839 1168 2948 iniustos
1211 2886 1221 2913 r

64 2968 103 3028 et
121 2955 265 3048 iniquos
284 2965 321 3022 et
338 2948 574 3046 blasphemos
589 2950 754 3022 homines
770 2953 808 3022 in
824 2965 1017 3022 aeternum
1035 2955 1165 3051 ignem

62 3056 222 3139 rnittat,·
248 3044 348 3150 iustis
373 3067 500 3123 autem
517 3065 553 3121 et
575 3055 702 3147 aequis
718 3066 755 3124 et
775 3067 979 3149 praecepta
999 3056 1073 3124 eius
1084 3048 1168 3153 ser·

61 3150 239 3231 vantibus
262 3168 299 3225 et
323 3156 361 3224 in
383 3153 583 3224 delectione
609 3156 685 3226 eius
712 3148 1048 3254 perseverantibus,
1081 3156 1166 3251 qui·
1208 3170 1211 3175 '

62 3254 225 3331 busdam
249 3257 398 3352 quidem
414 3252 462 3325 ab
479 3256 604 3340 initio,
633 3253 853 3352 quibusdam
872 3270 1000 3327 autem
1015 3280 1062 3328 eae
1074 3278 1168 3353 poc·

61 3360 243 3443 nitentia,
268 3360 388 3428 vitam
405 3357 572 3442 donans,
594 3358 884 3454 incorruptelam
904 3358 986 3429 loco
1002 3360 1166 3430 muneris
1206 3364 1210 3369 ’

61 3452 242 3561 conserat
264 3472 301 3529 et
315 3458 527 3529 claritatem
545 3474 737 3530 aeternum
753 3459 966 3531 circumdet.
1016 3456 1106 3537 Post
1121 3482 1166 3534 ea
1257 3530 1260 3537 ,

61 3579 195 3634 autem
210 3559 437 3657 sequuntur:
463 3562 689 3657 Acceptum,
714 3559 812 3633 hanc
831 3561 1163 3657 praedicationem,

61 3688 114 3735 ac
124 3656 275 3763 sedem,
302 3653 482 3762 Ecclcfia,
510 3653 657 3758 tametfi
677 3687 745 3758 per
766 3676 888 3733 totum
902 3675 1088 3734 terrarum
1104 3686 1164 3734 or·

64 3762 152 3837 bem
174 3756 324 3863 sparsa,
347 3760 498 3864 summo
516 3752 644 3856 studio
674 3778 711 3835 et
735 3789 845 3849 cura,
870 3764 1024 3861 perinde
1049 3777 1165 3859 atque

63 3891 184 3938 unam
200 3866 353 3935 domurn
369 3866 549 3951 incolens,
577 3860 788 3965 conservat,
816 3889 862 3937 ac
873 3866 976 3937 velut
993 3869 1164 3937 animam

63 3992 186 4038 uriam
215 3980 329 4060 atque
353 3993 466 4037 unum
490 3968 659 4061 idemque
681 3994 747 4040 cor
765 3965 923 4050 liabens,
959 3965 1015 4037 his
1047 3988 1164 4060 aeque

48 4062 180 4170 fidem
199 4068 479 4151 accommodat,
510 4080 546 4138 ct
566 4072 659 4139 miro
677 4062 864 4170 consensu,
890 4059 994 4168 quafi
1008 4092 1081 4139 uno
1099 4091 1166 4141 ore

59 4166 255 4267 praedito,
279 4166 371 4241 hacc
383 4168 591 4265 praedicat,
618 4170 726 4245 docct
739 4195 787 4242 ac
802 4170 932 4242 tradit.
965 4174 1163 4244 Irenaeum
