2542 4724
160 353 232 423 reo
454 342 542 447 cr
571 365 606 412 ιι.
644 340 691 413 11.
745 337 780 428 §-
809 340 869 413 uo.
903 341 964 415 u.
1004 289 1008 295 ¹

159 535 228 622 est,
255 558 376 631 quum
400 532 486 605 illae
510 528 709 628 praecipue
727 528 880 627 Lipsiae·
891 531 933 602 in
957 533 1080 604 lucem
1103 530 1258 629 prodie-

156 655 266 710 runt:
309 635 492 732 quaedam
524 634 638 707 etiam
662 631 904 706 Francofurti
931 634 978 704 ad
1001 640 1193 708 Moenum
1215 636 1259 709 ab

158 737 429 834 vitembergae.
481 741 572 806 Non
599 759 731 831 omneq
752 736 802 806 ob
822 738 1107 807 accurationem
1124 737 1257 809 lauda.

49 908 52 913 .
155 843 261 915 biles.
314 834 756 936 Quorum’monumenta
771 837 823 907 ita
840 837 964 907 lucem
980 837 1179 922 viderunt,
1212 840 1257 913 in

159 968 294 1016 eorum
316 945 470 1009 Petrum
492 962 655 1008 numero
681 937 786 1008 sunt:
820 935 981 1010 Iustinus
996 944 1132 1024 Mart,
1173 941 1258 1013 cle·

157 1067 265 1129 mens
281 1041 400 1124 Alex,
418 1039 609 1136 Origenes,
627 1038 821 1124 Eusebius,
840 1040 1042 1136 Gregorius
1059 1040 1255 1127 Nazianz,

91 1192 94 1197 -
157 1141 412 1241 Epiphanius,
461 1134 771 1231 Chrysostomus,
822 1138 1069 1224 Athanasius,
1117 1143 1259 1215 Hioro·.

126 1260 129 1267 '
155 1268 307 1339 nymttr.

631 1480 664 1568 §.
717 1481 777 1553 21.
846 1420 851 1431 ·

258 1679 424 1750 Patrum
439 1670 638 1748 Ecclesiae
652 1688 917 1747 monumenta
938 1675 993 1746 ita
1017 1673 1125 1749 edita
1149 1674 1256 1768 sunt,

156 1796 204 1856 ut
220 1778 288 1853 illa
305 1800 391 1851 non
412 1774 542 1850 solum
559 1772 744 1847 universa
765 1776 1013 1849 coniunctim
1034 1777 1259 1855 lucem.ad·

157 1880 377 1983 spicerent,
411 1874 480 1949 sed
504 1877 624 1948 etiam
648 1900 791 1949 eorum
805 1871 1020 1977 singularia
1044 1875 1263 1979 separatim,

156 1976 478 2078 inconspectum
497 1976 706 2078 publicum
721 1979 929 2064 venirent,
966 1981 1171 2054 latinorum
1186 2006 1257 2082 pa·

154 2085 254 2161 riter
281 2105 325 2153 ac
349 2104 572 2180 graecorum
597 2080 831 2150 ductorum.
887 2079 967 2180 Qui
984 2078 1034 2152 ad
1054 2078 1255 2157 editiones

155 2166 318 2285 ¹generis
335 2180 458 2253 huius
482 2176 678 2251 curandas
697 2177 736 2250 se
755 2179 1034 2269 contulerunt,
1062 2180 1254 2257 laudabili

156 2283 297 2359 labore
326 2281 388 2354 illi
412 2276 620 2381 perfuncti
643 2276 743 2352 sunt.
806 2278 1001 2354 Praebent
1027 2282 1140 2356 enim
1160 2280 1252 2358 istae

157 2381 481 2460 commodiorem
517 2406 561 2453 uc
593 2375 915 2476 frequentiorem
946 2380 1062 2455 usum
1088 2372 1263 2485 scripto-f

108 2516 111 2525 ·
154 2511 269 2570 rum,
302 2508 402 2579 quae
428 2481 676 2579 antiquiores
705 2479 1031 2582 Cluistianoruur
1048 2486 1263 2585 Doctores'j

154 2586 418 2683 reliquerunt.
877 2607 884 2621 ²
1259 2600 1263 2607 ·

257 2740 480 2808 Latinorum
496 2736 660 2808 Parrum
683 2735 794 2808 varia
816 2733 957 2836 scripta
978 2738 1191 2838 separatim
1205 2738 1263 2817 in:

154 2839 290 2913 lucem
306 2832 566 2937 prodierunt:
588 2864 591 2877 ¹

258 2970 558 3036 Tuururrrrnrr
586 2965 694 3037 Libb.
712 2971 748 3035 II
773 2967 823 3034 od
840 2973 1043 3064 Nationes,
1080 2993 1182 3065 quoa
1204 2992 1262 3049 exe

156 3067 251 3140 cod.
268 3062 462 3165 Agebardi
477 3064 621 3159 primus
639 3067 943 3163 ediditnotisque
960 3066 1157 3142 illustravit
1171 3074 1244 3141 Iac.
1261 3093 1263 3154 ᾖ

157 3165 417 3268 Godofredus,
454 3163 801 3251 aenev.1625.st.;
837 3171 970 3241 Libell.
999 3173 1043 3243 de
1070 3174 1263 3257 oratione

154 3270 359 3368 integrior,
388 3293 418 3339 c.
440 3266 543 3339 notis
569 3269 750 3340 Gnidouis
769 3269 957 3342 Pauciroli
983 3291 1020 3344 et
1043 3273 1139 3344 Lud.
1156 3274 1263 3360 Ant,

153 3372 383 3445 Muratorii;
407 3369 448 3438 in
466 3371 719 3440 Muuurouu
736 3372 918 3443 Anecdot.
937 3376 1041 3443 latin.
1061 3360 1263 3463 Tomm‘!

154 3498 192 3570 p.
203 3473 258 3557 1.;
283 3469 367 3541 Lib.
380 3463 785 3569 daPraescriptionibus
796 3474 881 3542 crdo.
898 3473 1113 3558 haereticos,
1131 3472 1243 3548 Sdto-
1252 3524 1263 3565 ἦ,

154 3575 216 3645 liis
234 3596 276 3646 ac
293 3572 575 3643 Commentario
591 3567 721 3642 illustr.
739 3598 824 3645 cura
845 3573 929 3644 Chr.
948 3580 1064 3672 Lupi,
1082 3574 1263 3670 Brund,

156 3672 266 3749 1675.
287 3669 322 3743 4.
353 3689 391 3743 et
407 3689 513 3743 antea
530 3698 560 3744 e.
579 3672 683 3744 notis
698 3679 775 3742 Iac.
795 3678 971 3771 Paruebi,
987 3679 1122 3748 Colon.
1137 3674 1263 3765 15942:

153 3771 189 3846 4.
211 3792 249 3845 et
264 3781 419 3844 cracov.
439 3769 547 3847 1605.
572 3773 626 3857 8.;
659 3775 926 3872 Apologetr'cur
946 3780 992 3848 ad
1010 3778 1132 3848 Codd.
1150 3776 1259 3875 ruff-3

152 3892 216 3947 tos
239 3893 275 3946 et
292 3874 408 3946 Editt.
433 3890 524 3944 vett.
551 3873 696 3945 summa
721 3902 806 3948 cum
828 3881 1065 3977 recognitus,
1095 3875 1263 3977 castigag

151 3993 236 4061 tus,
271 3973 489 4046 emendatus
522 3998 552 4047 o.
584 3979 865 4050 Commentario
895 3998 1081 4076 perpetuo
1116 3976 1263 4083 Sigei⁴

151 4077 421 4169 Havercampi,
457 4075 886 4173 Lugd.ssat.1718.·8.;
925 4083 1008 4152 Lib.
1037 4081 1083 4151 de
1104 4082 1239 4163 Pallio,

150 4202 181 4250 c.
200 4183 411 4251 commem.
432 4170 782 4278 ozauaasatmafiz,
809 4186 889 4254 rar.
900 4180 1010 4261 1622.
1030 4183 1089 4271 8.,
1117 4169 1263 4283 rugan¹
