2542 4724
338 369 342 375 .
422 268 667 377 crem.
720 301 756 389 t.
790 302 853 378 38.
1108 301 1182 400 251

80 501 296 569 Ztctttnm
321 489 619 564 Commentarius
637 492 674 562 in
697 493 768 561 IV
779 494 958 589 Evangg.
975 504 1036 590 gr.
1058 506 1095 565 et
1110 493 1183 568 lat.-

80 605 251 668 Textnm
269 620 346 693 gn,
373 617 572 687 nunquam
589 609 696 664 antea
715 591 859 662 editum
876 594 923 662 ad
940 593 1054 665 fidem
1071 594 1180 679 duor,

81 697 205 769 coda
228 693 450 791 Mosquens.
467 692 669 776 recensuit,
706 711 742 763 et
759 693 913 788 repetita
930 691 1098 768 verfione
1114 699 1185 771 latr

79 805 108 870 1.
125 797 313 870 Hentenii
336 796 488 890 suisque
512 792 765 894 animadverff.
793 794 891 865 edid.
912 793 995 866 car.
1012 801 1054 869 F.
1070 798 1180 869 Mat·

81 899 205 984 thari,
230 896 435 993 Lips.792.
460 900 525 965 111.
551 899 588 968 8.
622 894 663 986 (9
680 890 804 984 Thlr.)

182 1025 312 1097 Etiam
335 1028 696 1105 Tuaornrnncm,
737 1020 909 1094 Achridis
939 1021 980 1095 in
1004 1027 1181 1124 Balgatia

81 1127 228 1225 Episc.,
262 1126 541 1195 Gonanentatia
566 1126 603 1192 in
625 1125 696 1202 IV
707 1113 989 1220 Evangelistas‚
1026 1130 1181 1222 eChry.

82 1225 251 1303 [ostomo
279 1243 316 1298 et
339 1226 421 1296 aliis
442 1224 606 1318 antiquis
624 1223 877 1318 scriptoribus
893 1223 995 1296 miffa
1011 1226 1052 1298 in
1073 1254 1181 1302 com·

82 1328 282 1428 pendium,
308 1326 456 1398 Catenis
489 1324 769 1396 adnumeranda
794 1324 891 1395 sunt.
949 1332 1091 1401 Extant
1114 1329 1182 1405 ista

84 1456 171 1505 cum
188 1427 345 1503 caeteris
363 1427 531 1500 eiusdem
549 1426 838 1498 Commentariis
853 1427 894 1498 in
911 1427 1004 1500 Acta
1020 1429 1182 1526 Aposto-

83 1534 233 1617 lorum,
261 1525 455 1626 'Epistolas
480 1527 587 1599 Pauli
610 1544 648 1598 et
670 1524 855 1622 Epistolas
884 1531 1104 1617 canonicas,
1139 1534 1181 1607 in

86 1641 445 1716 Tnnornrcncm,
472 1628 670 1726 Balgariae
683 1629 867 1724 Archiep.,
891 1632 1062 1727 Operam
1079 1658 1180 1708 omn.

87 1735 257 1807 editione
272 1739 413 1804 Veneta
436 1729 662 1805 1754-63.
689 1735 750 1801 IV.
774 1728 865 1816 fol„
900 1756 995 1828 quae
1016 1737 1186 1825 curanti-q

85 1836 154 1909 bus
177 1840 239 1909 10.
263 1837 398 1905 Franc.
414 1836 525 1905 Bene.
542 1834 676 1903 Maria
697 1831 742 1903 de
756 1828 893 1904 Rubris
916 1851 953 1905 et
974 1836 1103 1935 Bonis.
1120 1840 1181 1911 Fi·

87 1941 176 2011 uerti
192 1935 352 2034 prodiit.

185 2069 336 2137 Tuon.
351 2061 593 2153 Aqmntms
612 2062 757 2133 caena
775 2087 891 2134 aurea
916 2068 954 2135 in
974 2071 1042 2136 IV
1053 2073 1183 2140 Evan-

87 2166 208 2267 gelio,
237 2184 335 2257 quae
358 2163 473 2234 latina
498 2164 629 2261 lingua
649 2162 821 2258 quidem,
855 2181 894 2236 at
911 2191 957 2237 ex
973 2170 1112 2266 graecis
1130 2173 1184 2243 Ia·

88 2270 255 2362 tinisque
277 2270 347 2337 ΡΡ.
367 2261 573 2358 compotita
590 2259 650 2338 est.
712 2260 861 2336 Prodiit
878 2266 941 2337 illa
957 2292 1039 2339 non
1059 2270 1185 2345 solum

90 2370 131 2441 ab
149 2394 184 2439 a.
214 2365 316 2439 1474
330 2364 475 2460 saepius
497 2364 694 2460 separatim
715 2365 961 2453 variatoris,
989 2370 1183 2444 sedetiam
1253 2368 1258 2373 ’

90 2496 173 2543 cnm
200 2468 357 2563 reliquia
376 2469 546 2541 Thontae
568 2465 716 2562 scriptis
738 2467 984 2543 coniunctim.
1037 2472 1187 2544 Editio·

89 2596 151 2644 aa
165 2566 255 2668 post
271 2593 301 2639 a.
324 2564 420 2642 1566
442 2591 461 2639 a
478 2568 685 2639 recentiore
708 2592 826 2639 manu
842 2571 1088 2668 interpolatas
1103 2572 1186 2661 effe,

90 2671 229 2746 cruditi
250 2670 332 2741 Viri
351 2668 666 2741 animadvertunt.
683 2668 720 2761 *)
781 2670 863 2766 Ipsa
879 2672 1073 2770 Expofitio
1093 2676 1187 2749 haec

90 2779 137 2847 W
160 2766 465 2870 Evangeliorum'
485 2772 526 2841 in
558 2769 831 2845 recentioribus
862 2768 1093 2859 editionibus
1125 2778 1187 2851 in-

92 2874 265 2947 scribitur
298 2875 461 2956 catena,
510 2873 553 2944 in
585 2870 864 2967 antiquioribus
898 2894 1026 2951 autem
1060 2870 1188 2980 Gloffo

93 2978 271 3048 conturna
297 2974 525 3070 appellatur,
561 2998 607 3045 ex
631 2997 708 3070 quo
735 2973 913 3071 suspicari
936 2979 1044 3064 licat,
1080 2980 1187 3054 Tho·

91 3103 193 3151 mam
209 3075 336 3173 ipsum
353 3073 541 3163 vocabulo
560 3074 726 3147 Catenae
745 3076 848 3149 haud
862 3078 973 3165 usum
990 3077 1069 3154 effe.

196 3205 344 3274 Catena
369 3226 539 3300 graecor.
566 3204 644 3274 ΡΡ.
670 3205 707 3273 in
722 3203 1040 3293 Mandatum,
1074 3204 1185 3282 cuius

93 3303 246 3378 IItomi
262 3299 415 3375 exstant.
445 3303 732 3375 Alterinlucem
742 3305 908 3377 etditsub
919 3308 1054 3380 titulo:
1073 3315 1189 3409 Synt-

97 3404 269 3478 bolarum
285 3407 322 3473 in
342 3403 588 3475 Matthaeam
612 3417 735 3477 tomas
754 3409 877 3501 prior,
917 3407 1089 3482 exiribens
1115 3415 1188 3482 Ca·

98 3522 224 3579 terram
242 3530 413 3606 gratem.
433 3508 509 3576 ΡΡ.
528 3507 629 3580 XXI
634 3559 646 3592 ,
673 3532 769 3579 nunc
784 3511 949 3605 primum
964 3510 1116 3598 editam,
1142 3536 1190 3584 εκ

98 3606 329 3681 Bibliotheca
365 3607 491 3678 Caroli
521 3605 742 3693 Montchal‚
789 3606 962 3706 Archiep.
1002 3606 1190 3715 Tolosam,

99 3708 228 3782 Tolos.
247 3707 358 3781 1646.
387 3705 456 3779 fol.
500 3708 704 3806 Evulgavit
720 3724 873 3783 tomum
886 3713 990 3784 hunc
1005 3716 1085 3785 Pet.
1103 3707 1193 3817 Pos-

95 3802 211 3909 finus,
239 3834 283 3883 ea
297 3808 464 3896 ratione,
487 3822 532 3880 ut
548 3834 678 3908 graeca
695 3831 865 3886 accurate
883 3812 1102 3905 recenseret,
1132 3817 1190 3894 in·

134 4106 158 4171 ·)
165 4094 398 4239 {aaliz}
412 4099 475 4160 crit.
492 4101 543 4161 dee
555 4103 741 4178 principare
758 4107 1019 4166 Commentators
1037 4105 1081 4163 du
1097 4109 1141 4226 Ν
1156 4108 1191 4169 T.
