2542 4724
334 258 581 365 ciram.
634 276 670 374 s.
699 270 907 369 ullu.
1092 285 1168 371 6³3
1218 296 1226 308 ·

70 478 113 551 in
137 473 348 573 praecipuis
371 498 414 546 ae
438 468 686 560 nobiliffiniis,
710 473 772 549 vel
787 464 961 570 plurimis
984 472 1168 564 Eccleliis,

69 579 175 655 haud
202 575 351 648 definiri
374 570 506 672 potest.
558 580 650 647 Non
670 577 926 655 omittendum
943 571 1170 676 elt'Symbo·

72 682 152 759 lum
168 674 453 762 Antiochenam,
471 675 669 751 conditum
683 676 725 749 in
742 677 913 767 Concilio
924 678 1167 755 Antiocheno

71 781 210 865 tertio,
249 802 279 854 s.
296 779 384 853 270.
410 792 522 872 atque
540 777 593 847 ito
619 794 706 859 ante
724 779 938 853 Concilium
955 778 1172 859 Niceeuum

73 895 320 982 congregato,
353 879 394 952 in
428 903 504 974 quo
529 880 682 951 Paullus
712 878 974 961 Samosatenus
998 900 1173 961 errorum

73 985 276 1057 convictus
321 1004 362 1052 ac
402 981 675 1057 condemnatus
717 976 776 1053 est.
825 979 952 1063 Exstat
988 976 1171 1078 Epistola,

74 1111 193 1183 quam
208 1089 333 1155 Patres
359 1081 406 1155 ad
431 1081 573 1157 dictum
590 1084 764 1154 Paullum
784 1082 1069 1162 Samosatenum
1084 1083 1173 1169 scri·

73 1187 252 1284 pserunt,
292 1202 494 1278 antequam
522 1181 616 1276 quid
639 1183 812 1261 adversus
836 1184 949 1266 illum
973 1184 1174 1277 sancirent,

76 1310 267 1393 grassem
283 1287 401 1370 latino
417 1283 561 1390 saepius
578 1284 688 1368 odito.

538 1620 573 1722 §.
628 1622 714 1704 112.

183 1858 377 1934 Venimus
395 1852 446 1931 ad
470 1881 560 1939 eam
576 1858 868 1957 symbolorum
892 1854 1177 1952 differentiam,

81 1960 1177 2059 quoalisorthodoaeo,ullalrereroclormvelhoereticoelle‚

81 2058 447 2163 suprascripsimus.
462 2066 575 2164 Quae
592 2063 804 2141 orthodoxa
819 2059 1021 2150 dicuntur,
1033 2060 1188 2137 salunt·

83 2158 362 2243 Conleffiones
374 2186 496 2235 veruo
514 2163 745 2247 doottiuses
763 2162 950 2242 haeretica
967 2179 1101 2243 autem
1110 2162 1179 2239 vel

82 2266 316 2349 heterodoxo
340 2288 563 2363 pravorum
589 2263 846 2364 dogmatum,
882 2264 931 2337 sb
956 2263 1183 2345 Haereticie

83 2363 319 2466 composita,
338 2388 433 2439 eum
447 2365 491 2441 in
507 2361 647 2454 finem,
665 2380 710 2437 ut
727 2388 886 2439 errores
901 2364 1122 2441 stabilirent
1136 2374 1190 2443 ω’
1221 2357 1226 2369 “

114 2479 357 2567 ropagarent
373 2491 418 2541 ao
433 2466 616 2562 quamvis
638 2465 828 2545 nonnulli
851 2490 901 2539 ex
925 2466 1093 2541 illorum
1117 2468 1212 2543 or-'¹

81 2494 184 2645 llius
193 2565 397 2664 Symbolis
411 2565 649 2649 orthodoxis
663 2564 871 2641 interdum
880 2563 1185 2653 subscriberent,

85 2665 341 2755 fraudulenti
357 2684 490 2745 tamen
509 2668 584 2742 hac
601 2667 644 2741 iu
661 2683 857 2756 merant,
887 2694 965 2749 neo
987 2670 1084 2761 alia,
1108 2664 1187 2750 nill
1247 2706 1255 2727 ·

83 2766 276 2883 perversa
290 2765 485 2854 sententia
501 2768 694 2879 Symbola
708 2768 807 2852 haec
825 2769 1061 2875 approbunt.

191 3006 420 3084 Prodierunt
431 3009 610 3103 Symbola
623 3008 864 3094 llrisnorum¹
881 3008 1188 3108 Pelagianorum‚

87 3108 404 3195 Nellorianorum
439 3129 551 3207 atque
591 3112 755 3184 aliorum
791 3111 1098 3196 naereticorum,
1142 3106 1191 3190 d'e

91 3212 231 3311 quibus
255 3208 468 3287 testimonia
486 3213 598 3285 etiam
616 3213 820 3309 suppetunt
836 3213 874 3285 in
891 3218 1045 3285 Petrum
1061 3212 1191 3287 Eccle-

90 3315 165 3391 fiae
185 3314 302 3387 libris.
357 3312 556 3388 Recensuit
579 3314 643 3387 illu
665 3312 843 3412 singulari
868 3313 1061 3413 diligentia
1086 3320 1189 3391 Pur.

92 3424 285 3495 Zosimus
305 3415 353 3491 in
372 3419 486 3491 Novo
511 3416 735 3489 collectione
755 3416 957 3512 plusquam
979 3418 1057 3487 LX
1077 3418 1105 3485 S
1135 3438 1192 3489 m·

94 3516 268 3591 bolonem
281 3510 316 3618 s
342 3508 616 3617 Confeffiormm
626 3513 737 3618 fidei,
763 3519 915 3612 quasin
938 3530 1010 3593 vet.
1028 3440 1194 3613 Eccllfia

95 3619 221 3693 inde-o
236 3620 366 3714 primis
374 3624 473 3691 Seue.
484 3644 598 3716 usque
615 3621 666 3689 acl
676 3622 766 3692 ΧΠ.
781 3621 971 3697 Haeretici
987 3618 1010 3688 l.
1024 3621 1107 3689 Viri
1126 3614 1201 3693 olii¹

95 3718 274 3796 Patribus
297 3713 452 3819 sufpecti
476 3724 514 3791 in
539 3735 649 3801 tanto
665 3714 839 3820 sensuum
861 3715 1040 3822 desereris
1060 3710 1194 3814 discre-

94 3824 232 3921 pantia
255 3821 417 3907 edidere,
448 3823 489 3894 in
509 3824 701 3921 Opusculis
715 3816 816 3923 socr.
836 3827 873 3909 1,
893 3819 978 3903 164.
1003 3820 1052 3900 ad
1078 3822 1196 3923 quem'

97 3922 147 4003 sle
162 3942 387 4025 argumento
404 3924 477 3999 hoo
493 3920 713 4029 provocalle
729 3918 897 4003 sufficiet.
