2542 4724
119 232 196 313 506
448 240 528 307 ca
556 258 591 305 ιν.
623 238 688 307 tx.
741 236 775 325 ς.
803 206 866 308 87.

120 423 198 523 Qui
221 421 373 504 dicunt,
401 424 527 493 Patres
552 420 763 497 doctrinam
791 420 836 495 de
860 416 1046 495 Trinitate
1067 426 1221 525 excogi.

120 524 209 599 tasse
225 526 396 617 hancque
412 524 578 617 primum
594 524 633 593 iu
651 522 823 593 Concilio
839 524 1007 595 Nicaeuo
1026 528 1218 613 traditam,

27 704 33 711 ,
119 624 355 725 propofitam
373 642 484 718 atque
501 625 746 721 approbatam
766 621 852 707 esse,
880 645 1006 721 aperte
1024 651 1044 697 a
1059 630 1220 703 veritate

119 729 301 801 aberrant.
353 727 582 799 Luculenter
607 725 680 797 hoc
697 742 801 819 patet
817 750 863 797 ex
878 728 1054 819 Hymnis',
1078 734 1218 801 Doxo-

66 892 70 899 .
116 829 255 927 logiis,
289 828 468 899 Formula
501 828 736 920 baptizandi,
774 826 840 897 ubi
873 829 1069 901 Trinitatis
1100 830 1220 905 siebat

114 924 293 1029 professio
304 956 315 1013 ;
343 955 388 1001 ex
405 929 589 1023 Symbolo
607 926 787 999 Ecclesiae
803 930 1087 1017 Alexandrinae,
1108 932 1220 1029 quod

115 1032 249 1113 Arius,
288 1054 414 1102 veram
438 1030 663 1103 'doctrinam
692 1028 924 1115 simulando,
964 1022 1217 1105 Constantino

116 1132 271 1217 obtulit,
299 1131 400 1229 apud
418 1136 645 1205 Socnarmu
665 1148 701 1201 et
719 1136 1016 1215 sozomenum
1045 1158 1091 1205 ex
1109 1136 1219 1205 Chri·

113 1230 323 1331 stianorum
341 1232 581 1307 orientalium
598 1228 855 1317 Conseffioue,
882 1233 926 1302 ab
945 1234 1107 1308 Eusebio
1124 1240 1217 1307 Cae*

112 1334 268 1417 sareensi
288 1336 329 1407 in
348 1335 519 1406 Concilio
539 1334 706 1406 Nicaeno
732 1336 884 1406 recitata
911 1352 947 1405 et
966 1360 985 1405 a
1005 1340 1214 1423 Socua‘rz,

110 1440 376 1521 Arnauaslo,
404 1442 703 1508 'Turononero
724 1454 835 1531 atque
852 1435 933 1509 aliis
945 1436 1086 1509 'litteris
1104 1462 1215 1509 ruan-

112 1540 217 1623 data,
242 1540 284 1609 in
310 1562 383 1631 qua
404 1538 459 1609 illi
478 1536 703 1609 Trinitatem
727 1538 957 1634 profitentur
984 1557 1021 1609 et
1045 1534 1214 1611 testimo·

20 1676 33 1693 ··
108 1640 221 1714 nium
245 1639 292 1711 de
313 1640 388 1710 hoc
413 1640 612 1737 dogmate,
647 1658 735 1711 ante
757 1640 972 1711 Concilium
996 1639 1214 1723 Nicaenum

108 1726 281 1843 cogflito,
307 1740 495 1813 exhibent.
549 1741 715 1827 Accedit,
732 1742 837 1837 quod
854 1762 975 1833 quum
989 1742 1028 1811 in
1046 1740 1212 1839 syuodo

107 1845 181 1919 hac
206 1842 347 1941 dogma
371 1841 418 1913 de
440 1834 626 1927 Trinitate
649 1868 691 1914 ac
715 1840 907 1938 speciatim
930 1842 1214 1923 de.Div'inltate

109 1940 242 2017 Christi
264 1960 561 2040 proponeretur,
589 1958 651 2019 tot
674 1942 884 2043 praesentes
902 1942 1079 2041 Episcopi
1095 1942 1145 2027 de
1162 1968 1210 2017 eo

109 2044 368 2131 defendendo,
395 2044 477 2117 Arii
499 2062 627 2120 autem
651 2068 777 2121 errore
792 2044 996 2139 reiiciendo
1015 2044 1211 2117 consense-

106 2149 205 2233 rint,
240 2145 282 2216 id
307 2146 414 2241 quod
436 2146 540 2219 haud
567 2144 797 2245 contigisset,
834 2145 903 2217 ubi
933 2144 1210 2239 doctrinasilta

105 2246 232 2327 fuisset
255 2272 375 2333 nova,
410 2264 518 2321 antea
548 2246 653 2321 haud
680 2246 817 2323 tradita
843 2264 881 2321 et
903 2246 1075 2345 probata.
1117 2246 1210 2345 Ipse

105 2352 221 2427 Arius
239 2374 358 2449 quum
375 2348 554 2445 coeperit,
580 2347 703 2423 sacros
723 2366 854 2423 coetus
871 2347 1100 2444 perturbare,
1121 2372 1210 2423 uon

109 2450 350 2551 oppugnavit
370 2448 509 2543 dogma
529 2448 575 2521 de
592 2450 796 2537 Trinitate,
823 2448 887 2523 sed
909 2446 1144 2523 discutiebat
1160 2450 1207 2541 ab

106 2554 344 2638 Alexandro,
372 2550 555 2647 quoniam
577 2548 827 2637 existimabas,
851 2548 1078 2625 senteutiam
1099 2552 1207 2625 iltius

42 2716 45 2721 .
107 2654 304 2733 aSabellii
338 2676 462 2723 errore
499 2677 581 2725 nou
613 2654 730 2751 longe
757 2652 949 2727 discedere.
1017 2658 1101 2725 Into
1136 2654 1207 2749 d'o-

106 2757 225 2845 ctrina
245 2755 289 2825 de
306 2752 490 2827 Trinitate
508 2756 612 2825 tanta
630 2754 780 2826 valebat
799 2744 1052 2851 auctoritate,
1069 2771 1115 2825 ut
1131 2780 1206 2853 pro

103 2858 249 2953 Regula
273 2854 363 2929 Fide
394 2855 610 2941 haberetur;
651 2872 721 2926 ne'c
753 2854 878 2929 solum
908 2854 984 2941 illi,
1027 2856 1094 2952 qui
1128 2872 1206 2931 tres

104 2958 285 3033 Personas
320 2958 360 3027 in
395 2956 592 3027 divinitate
623 2957 917 3051 profitebantur,
950 2959 993 3029 in
1025 2958 1206 3032 ordinem

105 3054 400 3131 Christianorum
425 3076 523 3129 recte
541 3057 780 3130 sentientium
803 3059 1111 3146 adscriberentur,
1140 3060 1206 3136 sed

104 3160 220 3235 etiam
242 3184 308 3255 per
327 3158 446 3231 edicta
462 3164 739 3253 Imperatorum
763 3160 865 3231 haud
889 3162 1035 3244 liceret,
1063 3162 1113 3233 de
1134 3161 1205 3234 do-

102 3278 229 3363 gmate
247 3262 321 3333 hoc
338 3258 575 3335 contendere.
616 3266 912 3355 Turorurturu
928 3260 1106 3333 Antioclr.
1123 3264 1204 3360 pri·

100 3386 212 3437 mum
235 3360 362 3448 fuisse,
391 3362 457 3457 qui
480 3360 710 3435 vocabulum
733 3365 927 3433 Trinitatis
950 3363 1203 3459 usurpaverit,

100 3462 281 3537 nonnulli
298 3462 602 3537 animadvertunt
617 3464 783 3556 haecque
799 3464 901 3535 illius
916 3464 1028 3535 verba
1047 3490 1094 3535 ex
1111 3466 1200 3539 Lib.

100 3570 149 3641 ll.
169 3564 220 3635 ad
234 3567 413 3665 Autolyc.
431 3568 470 3639 C.
493 3562 551 3640 15.
570 3564 616 3638 ad
632 3590 712 3638 reru
727 3563 963 3661 probandam
980 3564 1201 3641 adducunt=

101 3664 270 3751 Ὡσαύτως
291 3667 342 3737 καὶ
359 3672 390 3737 dc
408 3672 487 3759 τρεῖς
518 3667 628 3762 ἡμέραι
654 3674 719 3738 τῶν
743 3668 916 3760 Corripuit
938 3672 1120 3757 γεγονυῖαι,
1146 3666 1204 3739 τύ·

101 3790 154 3842 ποι
186 3772 258 3837 εἰσιν
289 3774 346 3857 τῆς
375 3768 527 3863 Τριᾶδος.
564 3773 624 3840 τοῦ
656 3773 736 3839 θεοῦ
771 3776 823 3839 ital
854 3774 914 3842 rori
943 3774 1051 3859 Λόγου
1092 3766 1202 3843 αὐτοῦ

101 3877 156 3940 καὶ
178 3876 234 3959 τῆς
262 3874 387 3959 Sattiae
415 3866 538 3952 αὑτοῦ,
564 3874 619 3941 ita
644 3873 758 3940 etiam
784 3884 857 3941 tres
880 3872 975 3954 dica,
1000 3873 1063 3963 qui
1086 3898 1202 3965 prue-

103 3962 229 4074 ceffere
255 3976 478 4044 creationem
509 3972 668 4043 duorum
703 3971 960 4058 luruinorium,
998 3976 1200 4047 Trinitatis
