2542 4724
453 35 463 55 '
561 35 643 167 θ’

296 210 304 219 ¹
407 266 492 340 C'a
523 289 558 343 r.
594 272 671 339 VII.
721 266 754 355 §.
783 268 854 339 71.·
1044 372 1047 381 Ι
1093 220 1169 347 tes

180 462 391 529 Erasmus
418 444 679 549 Seirolasticrts‚
715 453 781 548 qui
805 451 935 525 Libros
954 460 1019 527 VI
1038 450 1163 554 Histo-

70 563 158 631 riae
174 548 428 655 ecclafiostr'cae
443 556 604 649 reliquit.
662 560 707 625 In
729 555 804 625 illis
826 554 979 650 incipit,
1013 560 1077 629 ubi
1094 568 1161 633 So-

73 661 197 733 'crates
216 678 253 729 et
270 658 532 729 Theodoretns
551 653 753 753 defierunt,
779 680 798 724 a
816 657 974 746 Synodo
990 660 1163 733 videlicet

72 758 278 857 Ephelina‚
305 759 345 828 in
364 784 435 853 qua
451 754 642 827 Nestorius
662 758 857 845 damnatus
876 755 943 841 est,
975 757 1049 832 five
1063 762 1110 831 ab
1128 788 1158 833 a.

74 866 163 935 Chr.
178 860 265 933 431.
288 886 330 933 ac
348 855 589 957 progreditur
607 858 653 927 ad
671 884 701 927 a.
723 856 807 953 594.
859 866 1037 945 Interea,
1065 884 1162 956 quac

72 980 222 1044 narrat,
248 986 305 1033 res
322 960 507 1035 habentur
525 958 803 1031 commentitiae
823 986 865 1031 ac
880 959 1082 1035 fabulosae.

176 1094 441 1159 Tneonoaus
474 1090 626 1167 Lector,
669 1084 735 1179 qui
753 1086 1018 1181 Compendiurrt
1036 1082 1160 1185 Histo-

72 1194 155 1261 riae
171 1177 424 1282 ecclefinfiicne
443 1189 655 1281 tripartitae
681 1212 726 1255 ex
749 1188 852 1259 libris
877 1191 1056 1272 Socratis,
1092 1199 1159 1264 So·

72 1288 228 1363 zomeni
243 1314 285 1359 ac
300 1294 332 1359 Τ
335 1288 550 1371 lreodoreti‚
579 1312 598 1357 a
614 1284 791 1383 vigesimo
809 1313 909 1359 anno
927 1288 1160 1363 Constantini

69 1398 133 1465 M.
160 1384 279 1485 lisque
305 1389 352 1459 ad
377 1389 526 1459 obitum
554 1386 759 1461 Constantii
788 1390 1020 1484 compotum
1062 1417 1159 1466 non·

74 1494 169 1563 dum
187 1508 314 1562 autent
333 1490 373 1559 irl
392 1490 515 1561 lucem
537 1489 656 1573 vidit,
698 1490 760 1561 sed
783 1484 933 1563 taittum
958 1504 1075 1567 manu
1099 1520 1179 1565 ex··

71 1612 220 1665 aratum
233 1592 275 1661 in
288 1591 510 1685 quibusdam
528 1592 770 1663 Bibliothecis
787 1590 994 1665 asservatur.
1040 1596 1157 1689 Serip·
1211 1668 1214 1673 ,

70 1692 116 1767 fit
142 1712 181 1767 ct
205 1692 302 1764 duos
326 1693 444 1763 libros
463 1680 646 1787 lsifiorr'ae
669 1684 960 1790 ecclesiasticam
978 1698 1159 1790 tempori·

69 1797 164 1878 bus,
197 1794 398 1887 inquibus
425 1798 591 1864 Socrates
622 1792 791 1877 desierat,
834 1796 881 1865 ad
905 1797 1160 1891 principatum

67 1894 201 1969 Iuliini
225 1894 320 1977 sen„
355 1918 519 1990 quorum
544 1900 744 1988 Excepta,
770 1895 804 1965 s.
833 1898 1071 1969 Collestanea
1098 1899 1157 1969 su·
1210 1932 1214 1941 ·

65 1998 243 2095 perfunt,
285 1992 482 2090 postquam
509 1996 743 2089 Niceplrorns
768 1993 935 2069 Callistus
961 1992 1025 2068 ista
1060 2022 1160 2069 ama-

68 2096 202 2171 nuenst
217 2096 285 2169 sno
307 2098 473 2167 dictavit.
516 2102 651 2166 Graece
668 2098 891 2207 prodierunt
907 2121 994 2167 cunt
1008 2100 1159 2171 Eusebii

69 2218 111 2271 et
133 2200 295 2271 aliorum
320 2195 480 2269 Historia
510 2196 761 2281 ecclesiastica,
797 2224 850 2293 gr.
873 2221 915 2267 ac
937 2199 1001 2271 lat.
1025 2199 1159 2273 itidem

18 2295 30 2313 ¹
68 2320 159 2373 cum
179 2302 414 2397 reliquorum
435 2298 668 2393 Scriptorum
687 2296 859 2371 historiis.

141 2420 582 2599 Antisquioresllistoriac
593 2422 845 2497 ecclesiasticae
853 2426 1048 2512 tinctores,
1057 2426 1159 2522 iique

66 2530 196 2611 tatiai,
238 2544 326 2599 unt:

168 2658 379 2735 Rufinus,
425 2653 531 2725 cuius
568 2648 681 2724 exstat
711 2644 877 2749 Historia
911 2648 1158 2753 ecclefiasticn,

67 2760 110 2831 in
138 2754 259 2827 libros
275 2760 329 2823 xt
353 2752 478 2823 divisa.
546 2760 696 2825 Novem
722 2781 855 2827 eorum
886 2756 1030 2851 priores
1056 2781 1159 2827 conr·

66 2860 288 2955 plectuntur
308 2856 464 2925 latinam
480 2856 828 2951 interpretationem
846 2862 1016 2928 Eusaurr
1035 2850 1159 2949 1Ιίβο-

69 2962 152 3029 riae
170 2946 445 3049 ecclesiasticam
477 2958 515 3026 in
534 2982 607 3051 qua
626 2976 751 3031 tantan
770 2959 1034 3053 componenda
1056 2958 1160 3029 nuti-

67 3082 144 3131 nus
159 3074 262 3129 tanta
280 3056 368 3128 usus
387 3054 434 3128 est
453 3058 641 3143 libertate,
679 3060 811 3129 utalia
829 3076 941 3153 atque
961 3060 1001 3129 in
1021 3060 1079 3131 his
1103 3059 1160 3129 in·

68 3180 223 3259 tegrum
238 3158 314 3229 scre
332 3158 518 3229 decinnnn
536 3160 675 3231 librum
693 3158 842 3229 Eusebii
859 3160 1062 3243 omitteret,
1089 3162 1159 3231 alia

68 3260 223 3331 adderet
239 3277 350 3353 atque
368 3259 622 3353 interpolaret.
668 3266 759 3331 Duo
775 3258 996 3357 posteriores
1012 3262 1058 3331 ab
1074 3261 1156 3353 ipso

68 3356 213 3435 ltusnto
233 3360 356 3455 scripti
379 3360 465 3431 surrt
479 3361 600 3455 iisque
616 3358 765 3433 historia
789 3386 908 3455 usque
931 3362 978 3431 ad
994 3380 1157 3459 mortem

67 3460 277 3535 Theodosii
299 3462 373 3531 sen.
399 3461 574 3556 perducta
602 3458 668 3545 est,
704 3488 745 3532 oa
769 3481 895 3535 autem
919 3462 1085 3549 ratione,
1113 3481 1158 3533 ut

65 3564 192 3637 multa
207 3582 423 3644 narrentur,
464 3588 556 3655 qnae
574 3564 713 3634 incerta
732 3568 818 3635 lunt
834 3588 877 3635 ac
891 3586 1026 3657 parum
1041 3563 1157 3635 credi·

63 3664 178 3748 bitis,
207 3682 318 3757 atque
340 3660 552 3747 ostendant,
579 3664 758 3735 llulinnm
775 3664 915 3735 iudicio
934 3688 975 3735 ac
992 3664 1066 3737 fide
1082 3670 1155 3735 Eu-
1228 3714 1234 3725 ·

65 3766 173 3837 sebio
199 3762 417 3835 inferiorem
443 3762 520 3835 else.
582 3765 686 3835 Libri
719 3765 759 3837 hi
786 3766 928 3862 saepius
960 3767 1002 3837 in
1033 3768 1158 3837 lucem

62 3863 309 3965 prodierunt.

172 3998 433 4063 Entenwws
452 3984 712 4087 Scholasticns,
750 3993 816 4085 qui
833 3992 1015 4075 Socratis,
1040 3996 1158 4063 Sozo-

58 4094 172 4173 meni
189 4118 233 4165 ac
248 4094 483 4165 Theodoreti
500 4092 680 4167 Historias
690 4090 940 4168 ecclefiasticas
950 4094 1065 4164 latine
1080 4093 1159 4163 red·
