2542 4724
45 240 159 351 ‚m
259 316 262 321 Α
408 218 838 327 cta.v11.⁷§.73.

80 446 159 503 tem
179 427 371 525 displicuit
385 424 443 519 *);
477 428 580 499 hunc
603 426 970 527 tamentLaotantius
991 425 1175 502 laudavit.

81 534 142 605 Ex
156 528 474 635 philosophorum
488 553 725 627 paganorum
743 526 889 623 scriptis
907 555 947 600 aa
966 528 1177 613 sumebant,

82 646 183 727 quaa
195 630 258 701 val
276 626 501 733 refutanda,
536 632 596 700 vel
617 646 660 699 ut
678 626 890 701 testimonia
913 630 962 700 ad
977 631 1179 703 veritatem

83 731 384 805 confirmandam
399 727 735 827 illustrandamque
751 730 970 807 advocanda
986 728 1073 817 effe,
1108 757 1180 829 pu·

81 833 224 909 tabant.
676 832 680 839 ’
771 872 774 878 ·

185 968 327 1065 Scripta
354 965 611 1065 philosophici
635 967 847 1067 argumenti
873 966 921 1039 ad
948 991 1021 1041 noa
1047 992 1180 1065 parve·

82 1087 241 1155 nerunt,
280 1093 376 1167 quaa
395 1092 414 1140 a
439 1070 611 1141 Patribus
636 1088 747 1165 atque
762 1064 994 1145 Auctoriliua
1011 1068 1182 1143 ecclelia·

81 1168 179 1245 tticis
196 1167 404 1267 tompofita
422 1169 522 1241 sunt.
576 1167 748 1243 Exstant:

89 1316 93 1325 ·
183 1302 395 1368 Gnaoonu
410 1288 516 1396 Nyffi
527 1300 657 1369 Sermo
679 1296 875 1371 deAnima
892 1322 923 1369 c.
942 1296 1047 1371 notit
1064 1298 1179 1371 Fede·

82 1402 149 1469 rici
165 1396 327 1470 Motelli.
390 1402 489 1468 Eam
508 1414 633 1469 autem
650 1422 730 1470 non
746 1397 917 1491 Nyffeni,
943 1398 1006 1470 sed
1023 1402 1112 1495 Cap.
1130 1404 1178 1473 11.

84 1518 124 1572 et
140 1504 206 1587 ΠΙ,
224 1506 412 1571 Namastt
434 1497 481 1569 de'
494 1502 648 1569 Natura
666 1498 823 1570 hominis
839 1498 917 1585 elle,
942 1500 1082 1571 eruditi
1099 1500 1181 1573 Viri

83 1600 438 1672 animadverterunt.
483 1601 778 1696 Quodammodo
799 1618 835 1670 et
852 1603 927 1671 huc
943 1598 1072 1673 referri
1087 1619 1179 1697 pot·

82 1698 133 1775 est
147 1708 327 1773 Nissant
345 1700 564 1795 Disputatio
583 1726 670 1773 oum
688 1702 822 1800 gentili
839 1700 1071 1797 Philosopho
1090 1722 1177 1773 con·

83 1818 145 1875 tra
170 1808 329 1887 Fatum,
365 1826 460 1897 quae
484 1802 703 1875 adiunctam
728 1801 795 1874 fibi
816 1804 928 1875 habet
951 1806 1039 1874 Zini
1060 1804 1181 1876 intot-

83 1902 347 2003 pretationem.
762 1958 769 1989 ,
954 1922 959 1931 ’

184 2032 425 2103 annosum
452 2044 583 2102 contra
605 2026 855 2117 'Academicos
871 2030 977 2102 Libri
1000 2048 1096 2115 tres;
1130 2031 1180 2102 de

83 2128 377 2205 immortalitate
395 2135 543 2204 anianae
560 2133 685 2218 Liber,
704 2159 781 2229 quo
798 2134 904 2205 illam
919 2134 1050 2203 multis
1066 2154 1182 2229 argo·

82 2235 224 2307 mentis
238 2232 376 2327 probat
393 2250 505 2327 atque
523 2234 752 2305 adversarios
770 2234 906 2305 refellit
912 2262 924 2318 ;
952 2236 998 2305 de
1018 2236 1180 2335 {lacerati-

85 2350 166 2407 tate
182 2338 328 2406 animae
347 2336 472 2419 Liber,
500 2336 565 2407 ubi
583 2333 722 2431 duplex
740 2337 958 2431 quantitatis
976 2360 1094 2433 genua
1110 2334 1182 2409 effe

82 2438 221 2519 tradit,
256 2438 415 2507 altarum
434 2438 474 2506 in
491 2438 594 2508 mole
616 2462 658 2507 ac
674 2437 750 2509 loci
773 2438 914 2532 spatio,
953 2438 1112 2509 alterum
1137 2438 1181 2509 in

83 2540 255 2657 potentia
279 2560 321 2607 ac
343 2539 486 2609 virtute
511 2536 696 2639 politum,
732 2555 843 2634 atque
870 2536 1052 2621 ostendit,
1093 2564 1181 2611 non

82 2640 210 2721 allam,
238 2638 301 2709 ted
318 2635 415 2709 hanc
431 2655 581 2709 tantum
599 2638 755 2723 animae,
782 2656 919 2733 utpote
938 2662 1033 2734 quae
1050 2642 1182 2711 omnis

84 2740 253 2835 corporis
276 2763 404 2835 expers
428 2738 489 2824 fit,
522 2741 761 2812 tribuendam
779 2739 866 2824 elie,
901 2742 993 2813 ito-m
1012 2740 1184 2839 catego-

85 2845 163 2913 riae
179 2843 322 2925 decem,
349 2832 607 2936 ex'Arifiotele
624 2842 829 2935 decerptae.
874 2839 1022 2936 Scripfit
1038 2844 1183 2927 atalia,

84 2966 180 3039 quae
204 2942 377 3037 inprimis
402 2942 448 3011 ad
466 2940 757 3013 controverfiam
784 2944 831 3013 de
855 2944 1000 3040 origine
1019 2942 1182 3028 animae,

83 3068 180 3117 num
199 3061 343 3115 creetur
362 3044 425 3115 illa
444 3069 462 3112 a
480 3050 563 3115 Deo
582 3072 629 3116 ex
649 3042 794 3127 nihilo,
822 3044 999 3138 spectant.
1036 3040 1183 3117 Nostra

86 3162 207 3216 aetate
233 3145 337 3217 illius
362 3136 529 3240 Epistola
543 3140 708 3243 secunda
734 3147 786 3214 ad
813 3148 1018 3241 Optatam,
1058 3140 1183 3247 Epist.

84 3246 368 3329 Milevitamem,
412 3247 456 3314 cle
482 3248 634 3316 Natura
664 3261 699 3316 et
731 3244 883 3344 Origine
908 3248 1090 3329 Animae,
1137 3274 1185 3319 ex

84 3348 320 3421 Bibliotheca
361 3330 541 3417 Abtiatiae
575 3348 838 3419 Gottwicenlis
877 3372 981 3417 nuno
1009 3348 1186 3443 primum

87 3449 187 3525 edita
204 3444 274 3533 est,
300 3447 432 3519 Vienn.
452 3446 560 3519 1723.
586 3446 655 3519 fol.
675 3448 734 3539 **)

186 3580 456 3647 Gnaomanos
481 3578 746 3659 Manannnos,
783 3576 890 3646 cuins
906 3574 1012 3645 Libri
1036 3594 1113 3649 tras
1137 3577 1186 3649 de

87 3676 202 3749 Statu
220 3679 368 3746 animae
387 3672 436 3745 ad
451 3673 651 3747 Sidonium
667 3676 943 3772 Apollinarem,
972 3675 1190 3749 conservati

110 3844 298 3861 ub*-

119 3933 231 4057 ’Ἶῃίξὲ
247 3930 601 4033 {epitomata-Caunos
624 3930 734 3992 Lehrb.
759 3932 789 3989 d.
812 3930 1057 4003 Dogmengesclt.
1075 3950 1110 4007 p.
1125 3938 1189 3993 ξω.

120 4098 159 4169 ··)
176 4096 392 4154 denotatam
408 4090 549 4155 Rittium.
567 4091 610 4153 11,
627 4096 687 4153 324.
