2542 4724
74 228 77 233 ’
124 272 202 350 aaa
403 272 447 351 o
473 262 500 347 'a
527 296 564 368 ι,
590 254 688 347 inv.
736 272 771 365 §-
791 274 875 383 ¹³1·
892 237 981 365 132.

338 410 342 417 ’
582 461 621 551 a.
674 459 761 535 131.

227 632 398 704 Errores
415 630 598 716 Patrum,
624 627 697 723 qui
718 627 763 701 in
782 652 926 703 eorum
939 632 1218 709 monumentis

126 726 303 818 exstant,
335 728 443 802 varii·
473 725 699 826 diversique
730 726 821 802 sunt
845 732 1018 828 generis.
1069 731 1222 906 quodsi

88 830 91 837 ’
127 832 310 913 altimum
342 827 392 901 ad
424 827 611 925 dogmata
644 828 913 918 advertimus,
946 832 990 904 in
1026 835 1100 931 qui
1129 859 1221 909 usa

126 933 297 1005 veritate
323 929 570 1019 aberrarunt,
600 928 729 1003 dividi
752 931 814 1002 illi
837 928 997 1030 possunt
1020 934 1221 1009 inerrans

126 1025 334 1132 historicos,
364 1039 589 1136 erogatum,
627 1036 881 1130 dogrnnticos,
915 1038 1088 1108 morales.
1146 1018 1221 1138 Qui

24 1176 28 1199 .
128 1133 379 1234 appellantur
395 1137 584 1233 megarici,
602 1133 663 1205 illi
680 1130 730 1205 ad
743 1132 1124 1231 interpretationem
1145 1139 1220 1213 Co·

130 1231 232 1308 dicis
255 1237 292 1309 S.
317 1232 494 1331 spectant
516 1231 686 1330 suntque
711 1231 922 1333 perversae
948 1235 1219 1334 expositiones

126 1335 428 1436 scripturarum
466 1332 720 1423 divinarum
773 1358 931 1409 errores
970 1331 1135 1436 historici
1164 1362 1220 1413 re·

158 1454 311 1534 ugnant
346 1431 443 1509 fidei
474 1432 703 1524 historicam
721 1436 760 1525 *)
787 1437 994 1536 dogmatici
1025 1438 1221 1537 dogmati·

48 1572 52 1587 ·
128 1461 205 1611 Eus
228 1531 336 1627 fidei,
360 1535 552 1610 divinitus
571 1532 802 1634 patefactis;
834 1540 991 1610 morales
1008 1555 1219 1617 autemre-

129 1636 234 1743 gulis
251 1638 357 1713 vitae
373 1635 595 1729 sanctioriS,
614 1661 636 1709 a
650 1638 743 1712 Deo
760 1634 1026 1745 praescriptis

587 1843 621 1935 §.
675 1844 759 1920 132.

228 2015 294 2086 De
318 2010 523 2088 erroribus
551 2011 767 2112 exegeticis
795 2034 839 2086 ac
861 2009 1088 2088 moralibus
1108 2029 1217 2089 antea

39 2190 42 2195 .
129 2116 388 2202 commentati
402 2111 561 2203 sumus3
586 2113 690 2205 hano
710 2128 843 2186 autem
860 2113 1040 2204 obrem,
1059 2134 1217 2215 praeter

125 2216 338 2295 historicos
365 2213 574 2311 quosdarn,
600 2213 748 2288 restant
771 2228 927 2287 tautum
944 2240 1108 2292 errores
1126 2222 1216 2319 dog·

44 2302 50 2323 ’
115 2325 268 2406 'roatici
293 2341 404 2391 nunc
433 2313 664 2391 enarrandi.
709 2313 928 2389 Diversum
951 2316 1014 2388 illi
1034 2343 1217 2392 momen·

125 2437 216 2494 tum
245 2417 395 2492 habeut
414 2416 584 2512 suntque
609 2416 676 2489 vel
696 2417 1024 2515 fundamentales,
1049 2421 1122 2493 vel
1143 2445 1215 2493 non

122 2523 440 2625 fundamentales.
501 2523 590 2621 Qua
621 2532 712 2590 ante
743 2515 869 2619 polita
903 2513 1157 2611 differentia,
1189 2517 1215 2593 st

152 2646 312 2708 uaeras,
340 2620 455 2695 cuius
467 2616 634 2716 'generis
650 2615 726 2692 sint
739 2623 901 2692 Patrum
917 2643 1096 2709 errores,
1119 2646 1214 2697 num

121 2650 447 2802 surtdamentnles
472 2720 533 2793 illi
555 2718 696 2792 haberi
718 2717 900 2810 debeant,
918 2743 995 2793 nec
1010 2724 1095 2797 ne?
1120 2721 1215 2823 dog·

50 2828 54 2837 '
123 2843 232 2904 mata
254 2821 338 2927 ipsa
361 2846 415 2912 ac,
428 2819 614 2910 modum,
638 2820 706 2893 illa
723 2844 771 2893 ex
799 2821 961 2914 licendi,
984 2818 1217 2899 discernere

128 2929 337 3004 debemus.
389 2928 437 3025 ln
465 2921 559 3022 ipsis
593 2848 847 3020 dogmatiiius
879 2923 1034 3021 iisque,
1066 2927 1133 2999 nti
1161 2924 1217 2999 di.

82 3060 85 3065 ·
117 3044 295 3116 cuntur,
325 3021 717 3128 fundamentalibus,
751 3020 834 3097 fine
867 3048 1045 3121 quorum
1077 3025 1217 3101 notitia

123 3131 268 3206 necin
297 3125 502 3203 Christum
526 3149 593 3199 cre
631 3149 712 3217 ¹re,
736 3148 813 3199 nec
829 3122 996 3200 salutem
1012 3141 1215 3203 aeternam

125 3230 316 3328 consequi
337 3222 558 3327 possumus,
582 3218 602 3325 Τ,
642 3236 768 3301 ‘recta
787 3227 853 3299 nia
869 3231 1006 3302 Patres
1020 3226 1138 3304 haud
1152 3229 1215 3302 de·

121 3329 345 3418 flexerunt,
362 3328 488 3401 immo
502 3333 584 3426 pra'
640 3352 706 3401 ara
723 3327 902 3402 veritatis
920 3326 1152 3404 testimonia
1167 3328 1213 3403 de

119 3435 200 3516 illis
218 3434 485 3530 reliquerunt,
503 3429 565 3502 uti
577 3426 966 3531 supramonstratum
975 3427 1046 3520 est,
1066 3430 1212 3508 modus

123 3593 334 3615 ..μ-...-

154 3662 266 3736 ⁶)‘Vicl.
286 3662 446 3715 Dasianus
463 3660 500 3715 ‹le
517 3660 578 3733 usu
597 3661 728 3716 Petrum
746 3661 815 3717 Lib.
833 3661 856 3718 1.
875 3660 914 3715 Ga
939 3698 947 3715 .
967 3665 993 3719 8.
1012 3678 1045 3745 p.
1064 3667 1149 3725 237..
1166 3662 1215 3739 qui

189 3734 279 3788 etiam
298 3736 334 3785 de
353 3731 475 3785 Patrum
494 3733 645 3786 erroribus
663 3731 885 3805 geographicis,
903 3750 922 3800 p
946 3729 1051 3800 ysrcn,
1070 3740 1214 3805 gramma·

187 3802 252 3857 ticis
271 3801 412 3871 clangit.
447 3801 531 3854 lnter
552 3802 660 3872 plures,
679 3819 751 3873 quos
769 3800 862 3866 allert,
880 3818 994 3855 errores
1029 3809 1214 3858 rammatioot

187 3879 292 3928 notatu
310 3868 477 3946 ‹ligo-issima
496 3872 645 3926 Gatoonn
664 3868 686 3933 l,
713 3871 849 3941 quamvis
866 3866 995 3935 Macar,
1044 3872 1215 3929 allucinatio

187 3943 222 3998 in
236 3934 448 4005 'Cornufirbro‚
466 3941 546 4012 quod
565 3941 653 3993 unius
672 3958 710 3993 ex
728 3941 792 3995 lobi
811 3937 931 3994 filiabus
949 3958 1064 3996 nomen
1085 3942 1125 3997 esi
1140 3940 1215 4013 apori

187 4012 318 4067 latinum
338 4011 552 4086 interpretum,
594 4012 711 4080 nodque
730 4011 782 4063 ille
801 4008 838 4064 sro
855 4011 978 4080 accipit.
1003 4028 1038 4065 ac
1059 4010 1079 4067 st
1099 4014 1168 4068 silet
1181 4026 1213 4065 ex

191 4082 296 4136 Cornu
314 4085 342 4131 et
364 4078 448 4130 Trlna
473 4095 581 4148 eornpo
605 4087 686 4144 tom,
705 4080 835 4136 trusione
858 4078 908 4138 vel
933 4087 1013 4136 certe
1037 4100 1104 4139 nou
1128 4092 1212 4140 autu

189 4152 279 4213 deus,
303 4148 377 4222 quid
395 4146 463 4202 esset
478 4146 572 4205 latins
589 4149 728 4208 tritium.
