2542 4724
1 358 3 364 ,
95 293 175 373 aaa
258 224 264 237 ¹
413 254 864 384 1311111113.-
949 242 954 247 ’

95 507 165 558 cae
183 498 226 577 ⁸et
250 478 423 583 Symboli
447 424 641 579 apostolici
660 478 703 550 in
727 477 895 555 Maxim.
919 482 1103 561 Biblioth.
1119 489 1186 579 PP.

94 585 273 684 Lugdun.
291 590 338 669 X,
359 580 445 659 592.
465 600 503 655 et
520 579 881 685 orthodoxograph.
899 589 1070 682 p.1221.
1137 620 1144 631 ·

73 858 77 863 ,
197 794 370 862 Pnrnus
404 792 738 872 cnnrsoroeus,
784 788 891 863 cuius
923 794 1125 865 Semnones
1150 793 1187 867 in

94 895 259 968 Maxim.
277 887 453 961 Biblioth.
467 891 635 959 Petrum.
664 890 788 984 Lugd.
808 896 889 976 VII,
907 891 984 965 888
1002 894 1080 989 sqq.
1101 920 1188 991 quo·

97 995 185 1066 clam
201 991 321 1065 modo
339 992 415 1062 huc
433 987 562 1063 referri
581 988 753 1085 possunt,
780 992 963 1082 quoniam
989 994 1029 1064 in
1049 996 1127 1071 illis
1141 998 1188 1068 le-

92 1112 269 1271 lguusntur,
312 1114 408 1189 quae
439 1090 663 1182 Symbolum
695 1090 946 1190 apostolicum
973 1095 1118 1181 itidem
1144 1099 1185 1169 il·

148 1210 260 1268 trant.

13 1400 18 1409 “
89 1432 105 1455 .·
177 1398 257 1466 Iam
267 1389 913 1479 enummoratisEcclesiaePatribus,
925 1393 1183 1487 quiSymbolo

93 1492 300 1591 apostolico
316 1490 447 1566 lucem
467 1495 695 1579 attulerunt,
725 1496 906 1565 nonnulli
926 1497 1047 1582 alios,
1077 1499 1184 1569 etiam

94 1596 263 1670 eiusdem
293 1596 465 1689 Symboli
489 1597 727 1695 interpretes,
756 1597 987 1693 adiungunt,
1014 1599 1184 1669 nomina-

91 1698 164 1769 tim
181 1695 431 1780 Ambrosium,
448 1702 619 1767 Leonem
634 1702 708 1781 M,
732 1694 1056 1790 chrysostomum,
1074 1701 1184 1770 Atha·

91 1795 248 1869 nasium.
310 1797 487 1868 Recensct
509 1797 600 1883 hou,
635 1816 816 1893 tanquam
842 1794 1016 1890 Symboli
1040 1797 1184 1896 aposto·

91 1897 156 1971 lici
180 1899 459 1992 explanatores,
495 1924 537 1969 ac
562 1901 806 1970 commendat
826 1904 884 1970 10.
911 1905 1036 1970 Bona
1064 1902 1112 1975 de
1134 1902 1183 1973 di·

22 2080 30 2102 ι
90 2002 183 2069 vino
198 1993 413 2099 Psalmoclio
430 2006 518 2095 Cap.
528 2004 624 2071 XVI.
646 2027 684 2095 p,
697 1999 805 2086 445„
826 2002 953 2096 quales
973 2020 1103 2075 autem
1118 2027 1182 2098 pu·

89 2117 233 2194 tantur,
260 2101 351 2173 tales
369 2128 409 2172 re
426 2102 502 2197 ipsa
520 2125 601 2172 non
618 2101 714 2173 sunt.
749 2109 793 2173 In
813 2104 1040 2174 Annnosn
1063 2103 1181 2201 Operi·

27 2208 31 2215 “
89 2199 158 2273 bus
172 2202 302 2273 Iocum
319 2201 473 2298 quidem
493 2198 661 2274 obtinuit
683 2204 888 2275 Tractatus
907 2207 944 2273 in
960 2204 1181 2304 Symbolum

86 2291 331 2400 apostolicam
339 2329 356 2381 ,·
383 2329 471 2375 eum
487 2321 612 2374 autem
629 2304 882 2376 adulterinum
891 2305 1040 2403 ingenii
1049 2332 1181 2378 monu-

85 2423 261 2477 mentum
287 2401 372 2489 elle,
399 2404 537 2476 eruditi
553 2405 632 2477 Viri
654 2406 739 2476 satis
762 2406 926 2500 probant
951 2425 1067 2501 atque
1089 2409 1179 2479 inter

88 2507 160 2577 alia
176 2505 356 2590 referunt,
382 2506 524 2576 librum
542 2505 645 2576 hunc
662 2507 702 2576 in
720 2506 911 2578 codicibus
927 2532 1048 2577 manu
1064 2532 1178 2581 exara·

86 2607 137 2679 tis
153 2606 322 2678 inscribi:
352 2611 553 2677 Tractatus
572 2608 617 2677 de
636 2611 820 2677 Trinitate
835 2622 872 2678 et
888 2599 1176 2704 Resurrectione.

86 2712 146 2782 Ex
164 2707 277 2779 variis
293 2708 484 2779 sententiis
503 2734 544 2780 ac
561 2705 783 2779 testimoniis
802 2714 956 2780 Panum
976 2711 1091 2783 illum
1109 2711 1177 2783 col·

85 2811 230 2882 lectum
256 2834 299 2880 ac
322 2808 575 2904 compositum
601 2809 689 2894 olle,
718 2812 780 2907 alii
800 2828 960 2881 monent
984 2835 1028 2884 ac
1047 2813 1174 2885 meiito

85 2908 309 2995 existimant,
322 2936 407 2981 eum
417 2908 615 2983 Ambrosio
632 2909 834 3006 indignum
853 2910 930 2982 else.
951 2919 1174 2985 Neanont

82 3016 138 3084 Μ.
169 3012 266 3082 inter
291 3011 465 3104 Symboli
496 3009 690 3106 apostolici
716 3013 936 3107 interpretes
967 3014 1052 3085 iure
1077 3018 1175 3091 locus

82 3113 275 3185 tribuitur.
337 3121 381 3185 In
407 3113 592 3201 sermone¹
611 3115 711 3185 enim
741 3120 804 3183 ΧΙ.
832 3114 877 3184 de
903 3106 1072 3209 paffione
1096 3119 1172 3185 Do·

81 3218 173 3285 enini
197 3241 234 3312 p.
256 3216 340 3288 133.
378 3212 540 3310 Operum
567 3214 654 3285 edit.
685 3220 960 3310 Qunsnmr,
996 3216 1047 3285 ad
1071 3239 1173 3310 quein

81 3320 202 3389 Bona
221 3335 426 3415 provocat,
452 3322 531 3387 Leo
549 3322 606 3388 M.
631 3340 701 3386 nec
723 3315 914 3412 integrum
936 3317 1172 3406 Symbolum,

82 3443 155 3490 nec
171 3420 294 3490 ullum
317 3420 419 3492 illius
437 3436 549 3513 caput
568 3417 760 3513 exposuit,
787 3417 850 3489 sed
866 3415 1028 3488 adduxit
1044 3419 1087 3489 id
1100 3437 1173 3488 tan·

83 3538 189 3607 tum,
215 3537 260 3588 ut
283 3518 540 3592 testimonium
561 3520 605 3590 de
621 3518 702 3588 lesu
719 3514 874 3588 Christo.
926 3519 1036 3590 Idem
1057 3520 1173 3591 dicen·

44 3608 65 3649 '¹
85 3621 177 3692 duni
196 3617 244 3691 est
264 3621 308 3690 de
324 3625 608 3693 alteroLnonls
627 3622 729 3705 locu,
743 3610 854 3715 Epist.
874 3619 925 3688 acl
935 3621 1168 3701 Florianum,

82 3718 203 3822 Episc.
228 3714 518 3818 Cstpolitonnm,
554 3737 685 3793 contra
710 3719 892 3819 Eutychis
915 3717 1118 3818 perfidiam
1140 3732 1171 3789 rt

82 3815 256 3922 lzoerrstn,
275 3825 422 3918 pm,
449 3827 671 3897 cuiusBonn
691 3824 803 3894 etiam
821 3822 1062 3895 mentionem
1079 3821 1169 3894 facit.

82 3925 140 3997 Ibi
166 3926 266 3996 enim
291 3926 387 3995 nihil
413 3927 517 3995 aliud
534 3926 629 4023 agit,
658 3948 772 4019 qnam
791 3941 834 3992 ut
849 3923 1053 3995 sententias
1070 3945 1170 4018 quas·

84 4025 171 4097 darn
189 4025 365 4118 Symboli
386 4025 517 4111 liuius,
546 4028 591 4097 de
609 4033 715 4098 Patre
740 4023 921 4094 nimirum
949 4049 995 4095 ac
1011 4027 1108 4097 Filio
1124 4048 1171 4093 re·

84 4127 227 4200 censeat
246 4148 381 4223 easque
398 4130 450 4201 ita
468 4145 699 4224 comparatas
717 4125 806 4214 osse,
833 4123 1013 4214 affirmet,
1045 4144 1088 4199 ut
1103 4124 1169 4197 iuis
