2542 4724
418 303 505 377 Ca
534 303 665 375 n'lV.
719 304 752 393 §.
779 298 840 377 5t.
1057 286 1062 295 ¹
1099 304 1171 381 301
1208 382 1214 387 .

79 488 170 575 falfi,
197 516 336 575 carere,
355 488 391 579 *)
434 487 590 560 cautlam
620 489 837 577 lltabillonii
868 494 1171 561 coesnerios

80 597 159 693 egit
179 618 221 663 ac
243 593 437 662 Vindicius
452 586 657 687 rrtsptoruut
676 592 874 675 Codicum,
902 615 998 683 quos
1017 596 1172 663 Germo-
1228 616 1234 633 ¹

78 696 167 767 nius
191 696 500 788 impugnaverat,
532 686 571 760 in
595 694 718 763 lucem
744 692 877 774 editio
914 698 1172 767 Garuonrus
1232 738 1235 743 ·

79 814 208 889 autem
240 793 439 889 postquam
474 793 701 876 decreverat,
747 794 941 863 Vindicius
966 795 1048 865 illas
1073 792 1132 865 ref
1156 833 1172 850 ·

79 914 173 979 tare,
200 895 520 991 operaepretium
539 892 606 964 elle
623 894 742 976 duxit,
768 912 937 965 veterum
956 893 1172 967 Haeretico·

79 1024 167 1069 rum
192 994 360 1078 frondea,
401 996 439 1064 iu
464 995 666 1065 Codicibus
691 995 877 1089 librorum
906 995 1093 1067 sacrorum
1117 1013 1173 1066 at·

79 1120 156 1193 que
176 1098 213 1168 in
235 1097 377 1190 scriptis
395 1102 548 1166 Patrum
565 1096 818 1166 adulterandis
836 1097 1039 1180 adhibitas,
1071 1096 1172 1169 dete·

80 1210 186 1297 gere,
210 1201 380 1293 hancque
397 1199 446 1269 ob
466 1196 622 1269 caullam
639 1215 891 1275 memoratum
907 1198 1060 1282 librum,
1083 1222 1170 1269 cou-

80 1299 232 1397 scripsit.

184 1424 468 1497 Haereticorum
487 1448 600 1518 prava
620 1424 787 1519 exempla
805 1421 951 1518 sequuti
969 1423 1055 1496 sunt
1072 1429 1171 1497 Pou-

67 1522 202 1629 ffficii,
230 1528 352 1599 media
368 1551 449 1597 non
466 1525 610 1609 solunt,
639 1526 701 1597 sed
717 1526 923 1596 recentiore
940 1549 1094 1621 quoque
1113 1552 1172 1601 ae·

81 1624 157 1701 tate
177 1654 219 1700 ac
236 1628 442 1701 temeritate
459 1626 674 1729 malitiaque
689 1624 851 1722 impulsr,
861 1632 1013 1699 Petrum
1024 1627 1170 1723 scripta,

82 1732 352 1825 adulterarunt.
408 1734 528 1823 Quam
555 1728 747 1823 perfidiam
775 1752 894 1823 quum
917 1728 957 1799 in
982 1728 1171 1803 veteribus

82 1831 287 1903 Haereticis
310 1830 507 1913 (laninam,
542 1828 642 1899 idem
669 1846 794 1900 autem
819 1826 983 1915 faciunt,
1019 1830 1104 1903 stine
1128 1832 1188 1915 itt¹

83 1935 164 2031 pari
189 1934 298 2026 culpa
324 1930 409 2001 lunt
430 1949 543 2022 atque
567 1928 634 2024 iplr
660 1947 791 2001 contra
811 1928 846 2001 le
870 1931 1091 2005 sententiam
1116 1930 1185 2007 ie·-

83 2052 185 2105 ruut.
235 2030 635 2118 10.Lun.v1vrs**)
657 2030 788 2114 tradit,
815 2057 897 2103 non
915 2032 1073 2105 <lobium
1090 2031 1170 2119 etse.

85 2136 176 2229 quin
195 2135 313 2204 inulto
325 2132 471 2229 fuerint
487 2132 617 2201 additu
634 2129 681 2200 ul)
698 2134 752 2216 iis,
781 2135 843 2225 qui
858 2157 1084 2231 magnorum
1103 2138 1171 2206 Vt·

85 2260 211 2305 rorum
221 2227 367 2334 scripto
397 2237 522 2303 omnia
552 2234 705 2326 impuris
737 2230 907 2303 ruauilrus
938 2239 1170 2307 contamina·

85 2332 189 2407 borrt'.
248 2336 424 2431 Inprimis
449 2333 613 2405 lectione
640 2330 752 2430 digna
777 2331 886 2415 lunt,
927 2359 1021 2430 quae
1043 2340 1173 2407 Erras·
1216 2424 1219 2429 Ι

85 2454 172 2509 atus
187 2436 258 2527 m)
275 2436 343 2507 hac
361 2436 405 2507 de
425 2462 463 2506 re
480 2433 611 2529 scripta
630 2433 792 2527 reliquit.
836 2432 1094 2509 absolvuntur
1108 2438 1174 2523 illa

86 2537 263 2637 querelis,
290 2562 386 2633 quae
402 2561 531 2635 graves
550 2534 637 2607 lunt
652 2550 700 2607 ac'
714 2530 839 2608 iustae.
1144 2538 1149 2549 '

559 2772 593 2863 §.
634 2773 694 2850 51.

183 2968 250 3042 De
266 2966 540 3041 monumentis
564 2970 728 3041 Patrum
749 2964 970 3059 Ecclesiae,
1006 2993 1029 3043 a
1050 2964 1174 3071 perfi-

86 3064 206 3145 diotre
231 3094 274 3141 ac
295 3068 409 3142 malis
428 3067 660 3141 hominibus
680 3068 980 3159 contaminatis,
1007 3096 1091 3146 non
1114 3068 1132 3143 s
1156 3114 1172 3131 -

82 3158 171 3257 lum
200 3168 424 3243 testimonia
450 3166 545 3268 pers
569 3168 657 3241 icua
688 3193 731 3241 ac
763 3163 844 3241 fide
877 3168 999 3269 digna
1021 3169 1072 3245 ad
1095 3196 1172 3246 nos

81 3260 378 3371 pervenerunt,
426 3268 494 3341 sed
532 3196 747 3371 impetunt
784 3293 945 3369 quoque
976 3272 1171 3375 exempla,

82 3394 189 3469 quae
211 3368 322 3444 idem
339 3365 589 3444 confirmant.
641 3370 807 3468 Singula
827 3369 898 3444 ista
921 3388 1101 3447 accurate
1127 3399 1172 3447 ac

79 3468 190 3546 iusto
214 3468 357 3546 ordine
380 3468 608 3559 recensere,
643 3470 800 3544 animus
827 3470 944 3546 nobis
968 3472 1078 3547 haud
1103 3472 1171 3563 est,
1213 3536 1219 3546 ,

80 3596 213 3671 quum
243 3569 446 3645 eiusmodi
475 3572 805 3646 commemoratio
838 3597 903 3647 res
930 3569 1024 3648 effet
1048 3574 1170 3651 nimis

77 3742 295 3761 W

113 3831 152 3899 ⁹)
169 3826 218 3883 De
237 3827 335 3883 Veter.
352 3826 422 3897 Ileg.
439 3828 546 3883 Franc.
564 3826 720 3901 diplomat.
735 3827 888 3903 disceptat.
909 3834 952 3893 11.
972 3838 1031 3892 stt.

113 3924 162 3989 ’ἢ
178 3920 252 3976 Not.
266 3922 304 3974 ad
320 3922 513 3976 Auauartrtuu
528 3920 593 3976 Lib.
611 3920 713 3980 XXII.
728 3922 765 3977 dt
782 3922 909 3981 Ciuitate
923 3926 984 3983 Du·
997 3928 1027 3982 G.
1045 3934 1070 3986 8.

113 4016 177 4081 W)
195 4012 317 4081 Praefert
341 4013 382 4066 ad
397 4015 566 4069 lituorum
584 4014 699 4086 Opem,
725 4015 808 4075 Bam.
825 4024 899 4079 1516.
920 4041 966 4093 ap.
986 4020 1170 4077 frobenium

152 4080 385 4221 Ιοτῗῗμζὲὴι
407 4083 469 4158 ipsa
496 4085 610 4141 Erasmi
631 4084 759 4144 recensu
782 4089 942 4147 Dictaeos
964 4093 1000 4145 da
1027 4090 1087 4159 usu
1115 4091 1171 4143 Pa·
