<?xml version="1.0" encoding="UTF-8"?>
<!DOCTYPE html PUBLIC "-//W3C//DTD XHTML 1.0 Transitional//EN"
    "http://www.w3.org/TR/xhtml1/DTD/xhtml1-transitional.dtd">
<html xmlns="http://www.w3.org/1999/xhtml" xml:lang="en" lang="en">
 <head>
  <title>
</title>
<meta http-equiv="Content-Type" content="text/html;charset=utf-8" />
  <meta name='ocr-system' content='tesseract 3.04.00' />
  <meta name='ocr-capabilities' content='ocr_page ocr_carea ocr_par ocr_line ocrx_word'/>
</head>
<body>
  <div class='ocr_page' id='page_1' title='image "./iogeorgiiwalchi05walcgoog/iogeorgiiwalchi05walcgoog_0415.png"; bbox 0 0 2542 4724; ppageno 0'>
   <div class='ocr_carea' id='block_1_1' title="bbox 1099 52 1220 101">
    <p class='ocr_par' dir='ltr' id='par_1_1' title="bbox 1099 52 1220 101">
     <span class='ocr_line' id='line_1_1' title="bbox 1099 52 1220 101; baseline 0 -12"><span class='ocrx_word' id='word_1_1' title='bbox 1099 94 1103 101; x_wconf 40' lang='lat'>¹</span> <span class='ocrx_word' id='word_1_2' title='bbox 1194 52 1220 89; x_wconf 69' lang='grc' dir='ltr'><em>Ι</em></span> 
     </span>
    </p>
   </div>
   <div class='ocr_carea' id='block_1_2' title="bbox 458 199 1254 315">
    <p class='ocr_par' dir='ltr' id='par_1_2' title="bbox 458 199 1254 315">
     <span class='ocr_line' id='line_1_2' title="bbox 458 199 1254 315; baseline 0.003 -18"><span class='ocrx_word' id='word_1_3' title='bbox 458 229 704 297; x_wconf 65' lang='grc' dir='ltr'><strong>οηνιι.</strong></span> <span class='ocrx_word' id='word_1_4' title='bbox 758 199 916 315; x_wconf 69' lang='lat' dir='ltr'>§Lea</span> <span class='ocrx_word' id='word_1_5' title='bbox 1127 224 1198 299; x_wconf 79' lang='lat' dir='ltr'>aut</span> <span class='ocrx_word' id='word_1_6' title='bbox 1248 236 1254 257; x_wconf 69' lang='lat'><em>⁶</em></span> 
     </span>
    </p>
   </div>
   <div class='ocr_carea' id='block_1_3' title="bbox 88 404 1194 1625">
    <p class='ocr_par' dir='ltr' id='par_1_3' title="bbox 88 404 1194 1625">
     <span class='ocr_line' id='line_1_3' title="bbox 100 404 1194 513; baseline -0.001 -30"><span class='ocrx_word' id='word_1_7' title='bbox 100 424 150 483; x_wconf 86' lang='lat' dir='ltr'>ut</span> <span class='ocrx_word' id='word_1_8' title='bbox 173 408 225 483; x_wconf 88' lang='lat' dir='ltr'>ad</span> <span class='ocrx_word' id='word_1_9' title='bbox 248 424 451 513; x_wconf 80' lang='lat' dir='ltr'>tempora,</span> <span class='ocrx_word' id='word_1_10' title='bbox 479 424 519 486; x_wconf 90' lang='lat' dir='ltr'>et</span> <span class='ocrx_word' id='word_1_11' title='bbox 540 409 652 501; x_wconf 85' lang='lat' dir='ltr'>loca,</span> <span class='ocrx_word' id='word_1_12' title='bbox 681 406 825 507; x_wconf 87' lang='lat' dir='ltr'>quibus</span> <span class='ocrx_word' id='word_1_13' title='bbox 844 407 978 483; x_wconf 81' lang='lat' dir='ltr'>Patr&#39;es</span> <span class='ocrx_word' id='word_1_14' title='bbox 996 404 1194 489; x_wconf 81' lang='lat' dir='ltr'>Ecclesiae</span> 
     </span>
     <span class='ocr_line' id='line_1_4' title="bbox 98 506 1194 611; baseline -0.001 -28"><span class='ocrx_word' id='word_1_15' title='bbox 98 510 291 585; x_wconf 67' lang='lat' dir='ltr'>vixerunt</span> <span class='ocrx_word' id='word_1_16' title='bbox 311 537 356 585; x_wconf 88' lang='lat' dir='ltr'>ac</span> <span class='ocrx_word' id='word_1_17' title='bbox 378 510 643 611; x_wconf 86' lang='lat' dir='ltr'>scripserunt,</span> <span class='ocrx_word' id='word_1_18' title='bbox 672 506 921 591; x_wconf 77' lang='lat' dir='ltr'>attendamus</span> <span class='ocrx_word' id='word_1_19' title='bbox 947 523 1064 604; x_wconf 90' lang='lat' dir='ltr'>atque</span> <span class='ocrx_word' id='word_1_20' title='bbox 1083 532 1132 581; x_wconf 81' lang='lat' dir='ltr'>ex</span> <span class='ocrx_word' id='word_1_21' title='bbox 1147 509 1194 582; x_wconf 91' lang='lat' dir='ltr'>il·</span> 
     </span>
     <span class='ocr_line' id='line_1_5' title="bbox 97 608 1192 709; baseline -0.003 -24"><span class='ocrx_word' id='word_1_22' title='bbox 97 612 235 687; x_wconf 88' lang='lat' dir='ltr'>lorum</span> <span class='ocrx_word' id='word_1_23' title='bbox 254 611 485 687; x_wconf 87' lang='lat' dir='ltr'>conditione</span> <span class='ocrx_word' id='word_1_24' title='bbox 508 612 779 697; x_wconf 82' lang='lat' dir='ltr'>eruditionem</span> <span class='ocrx_word' id='word_1_25' title='bbox 799 608 1048 709; x_wconf 80' lang='lat' dir='ltr'>aestimemus</span> <span class='ocrx_word' id='word_1_26' title='bbox 1068 610 1117 699; x_wconf 90' lang='lat'>¹):</span> <span class='ocrx_word' id='word_1_27' title='bbox 1145 622 1192 684; x_wconf 90' lang='lat' dir='ltr'>ut</span> 
     </span>
     <span class='ocr_line' id='line_1_6' title="bbox 94 708 1191 799; baseline -0.002 -14"><span class='ocrx_word' id='word_1_28' title='bbox 94 712 199 787; x_wconf 89' lang='lat' dir='ltr'>hanc</span> <span class='ocrx_word' id='word_1_29' title='bbox 220 710 376 789; x_wconf 86' lang='lat' dir='ltr'>obrem</span> <span class='ocrx_word' id='word_1_30' title='bbox 398 713 507 787; x_wconf 90' lang='lat' dir='ltr'>haud</span> <span class='ocrx_word' id='word_1_31' title='bbox 519 715 670 788; x_wconf 89' lang='lat' dir='ltr'>mirum</span> <span class='ocrx_word' id='word_1_32' title='bbox 687 712 752 799; x_wconf 82' lang='lat' dir='ltr'>sit,</span> <span class='ocrx_word' id='word_1_33' title='bbox 781 711 1027 787; x_wconf 79' lang='lat' dir='ltr'>recentiores</span> <span class='ocrx_word' id='word_1_34' title='bbox 1043 708 1191 783; x_wconf 89' lang='lat' dir='ltr'>Erudi-</span> 
     </span>
     <span class='ocr_line' id='line_1_7' title="bbox 95 804 1189 915; baseline -0.004 -28"><span class='ocrx_word' id='word_1_35' title='bbox 95 828 159 888; x_wconf 88' lang='lat' dir='ltr'>tos</span> <span class='ocrx_word' id='word_1_36' title='bbox 176 813 221 887; x_wconf 88' lang='lat' dir='ltr'>in</span> <span class='ocrx_word' id='word_1_37' title='bbox 237 814 358 889; x_wconf 87' lang='lat' dir='ltr'>variis</span> <span class='ocrx_word' id='word_1_38' title='bbox 376 815 524 889; x_wconf 88' lang='lat' dir='ltr'>artibus</span> <span class='ocrx_word' id='word_1_39' title='bbox 544 842 587 889; x_wconf 89' lang='lat' dir='ltr'>ac</span> <span class='ocrx_word' id='word_1_40' title='bbox 601 814 773 889; x_wconf 79' lang='lat' dir='ltr'>scientiis</span> <span class='ocrx_word' id='word_1_41' title='bbox 788 812 1014 915; x_wconf 80' lang='lat' dir='ltr'>superiores</span> <span class='ocrx_word' id='word_1_42' title='bbox 1028 804 1189 885; x_wconf 82' lang='lat' dir='ltr'>esse&#39;an·</span> 
     </span>
     <span class='ocr_line' id='line_1_8' title="bbox 95 912 1189 1015; baseline -0.002 -28"><span class='ocrx_word' id='word_1_43' title='bbox 95 914 337 1011; x_wconf 87' lang='lat' dir='ltr'>tiquioribus</span> <span class='ocrx_word' id='word_1_44' title='bbox 355 916 409 1009; x_wconf 79' lang='lat'>¹):</span> <span class='ocrx_word' id='word_1_45' title='bbox 437 931 483 989; x_wconf 91' lang='lat' dir='ltr'>ut</span> <span class='ocrx_word' id='word_1_46' title='bbox 507 917 550 989; x_wconf 92' lang='lat' dir='ltr'>in</span> <span class='ocrx_word' id='word_1_47' title='bbox 575 914 870 990; x_wconf 78' lang='lat' dir='ltr'>laudationibus</span> <span class='ocrx_word' id='word_1_48' title='bbox 896 914 1047 1015; x_wconf 88' lang='lat' dir='ltr'>pariter</span> <span class='ocrx_word' id='word_1_49' title='bbox 1068 938 1113 987; x_wconf 90' lang='lat' dir='ltr'>ac</span> <span class='ocrx_word' id='word_1_50' title='bbox 1129 912 1189 985; x_wconf 86' lang='lat' dir='ltr'>vi·</span> 
     </span>
     <span class='ocr_line' id='line_1_9' title="bbox 96 1014 1189 1119; baseline 0.001 -30"><span class='ocrx_word' id='word_1_51' title='bbox 96 1016 417 1115; x_wconf 86' lang='lat' dir='ltr'>tuperationibus</span> <span class='ocrx_word' id='word_1_52' title='bbox 435 1014 479 1089; x_wconf 91' lang='lat' dir='ltr'>id</span> <span class='ocrx_word' id='word_1_53' title='bbox 496 1015 735 1103; x_wconf 85' lang='lat' dir='ltr'>devitemus,</span> <span class='ocrx_word' id='word_1_54' title='bbox 763 1014 873 1119; x_wconf 90' lang='lat' dir='ltr'>quod</span> <span class='ocrx_word' id='word_1_55' title='bbox 888 1016 1060 1091; x_wconf 91' lang='lat' dir='ltr'>nimium</span> <span class='ocrx_word' id='word_1_56' title='bbox 1072 1014 1189 1109; x_wconf 71' lang='lat' dir='ltr'>est3).:</span> 
     </span>
     <span class='ocr_line' id='line_1_10' title="bbox 93 1114 1190 1217; baseline 0.004 -30"><span class='ocrx_word' id='word_1_57' title='bbox 93 1130 142 1189; x_wconf 92' lang='lat' dir='ltr'>ut</span> <span class='ocrx_word' id='word_1_58' title='bbox 167 1140 268 1215; x_wconf 89' lang='lat' dir='ltr'>quae</span> <span class='ocrx_word' id='word_1_59' title='bbox 295 1115 402 1217; x_wconf 86' lang='lat' dir='ltr'>apud</span> <span class='ocrx_word' id='word_1_60' title='bbox 424 1116 518 1192; x_wconf 85' lang='lat' dir='ltr'>istos</span> <span class='ocrx_word' id='word_1_61' title='bbox 546 1115 641 1190; x_wconf 84' lang='lat' dir='ltr'>falsa</span> <span class='ocrx_word' id='word_1_62' title='bbox 667 1116 757 1191; x_wconf 91' lang='lat' dir='ltr'>sunt</span> <span class='ocrx_word' id='word_1_63' title='bbox 783 1141 827 1189; x_wconf 89' lang='lat' dir='ltr'>ac</span> <span class='ocrx_word' id='word_1_64' title='bbox 851 1114 1013 1207; x_wconf 86' lang='lat' dir='ltr'>vitiosa,</span> <span class='ocrx_word' id='word_1_65' title='bbox 1041 1142 1088 1190; x_wconf 90' lang='lat' dir='ltr'>ea</span> <span class='ocrx_word' id='word_1_66' title='bbox 1104 1142 1190 1195; x_wconf 90' lang='lat' dir='ltr'>nou</span> 
     </span>
     <span class='ocr_line' id='line_1_11' title="bbox 93 1215 1185 1319; baseline 0.005 -30"><span class='ocrx_word' id='word_1_67' title='bbox 93 1232 177 1289; x_wconf 90' lang='lat' dir='ltr'>tam</span> <span class='ocrx_word' id='word_1_68' title='bbox 203 1215 535 1319; x_wconf 85' lang='lat' dir='ltr'>perstringamus,</span> <span class='ocrx_word' id='word_1_69' title='bbox 571 1216 640 1291; x_wconf 91' lang='lat' dir='ltr'>sed</span> <span class='ocrx_word' id='word_1_70' title='bbox 666 1215 1009 1317; x_wconf 84' lang='lat' dir='ltr'>quemadmodum</span> <span class='ocrx_word' id='word_1_71' title='bbox 1036 1220 1185 1295; x_wconf 86' lang='lat' dir='ltr'>amoris</span> 
     </span>
     <span class='ocr_line' id='line_1_12' title="bbox 92 1316 1187 1423; baseline 0.004 -34"><span class='ocrx_word' id='word_1_72' title='bbox 92 1332 214 1413; x_wconf 86' lang='lat' dir='ltr'>atque</span> <span class='ocrx_word' id='word_1_73' title='bbox 229 1320 437 1415; x_wconf 83' lang='lat' dir='ltr'>aequitatis</span> <span class='ocrx_word' id='word_1_74' title='bbox 455 1320 519 1393; x_wconf 84' lang='lat' dir='ltr'>lex</span> <span class='ocrx_word' id='word_1_75' title='bbox 536 1318 788 1420; x_wconf 88' lang='lat' dir='ltr'>praescribit,</span> <span class='ocrx_word' id='word_1_76' title='bbox 817 1316 1048 1409; x_wconf 79' lang='lat' dir='ltr'>excusemus</span> <span class='ocrx_word' id='word_1_77' title='bbox 1063 1318 1114 1417; x_wconf 82' lang='lat'>⁴):</span> <span class='ocrx_word' id='word_1_78' title='bbox 1140 1335 1187 1423; x_wconf 78' lang='lat' dir='ltr'>qt</span> 
     </span>
     <span class='ocr_line' id='line_1_13' title="bbox 88 1416 1186 1521; baseline 0.004 -30"><span class='ocrx_word' id='word_1_79' title='bbox 88 1416 228 1493; x_wconf 80' lang='lat' dir='ltr'>Patres</span> <span class='ocrx_word' id='word_1_80' title='bbox 247 1418 316 1493; x_wconf 87' lang='lat' dir='ltr'>alii</span> <span class='ocrx_word' id='word_1_81' title='bbox 338 1418 391 1495; x_wconf 93' lang='lat' dir='ltr'>ob</span> <span class='ocrx_word' id='word_1_82' title='bbox 416 1420 675 1495; x_wconf 85' lang='lat' dir='ltr'>excellentius</span> <span class='ocrx_word' id='word_1_83' title='bbox 699 1421 910 1521; x_wconf 87' lang='lat' dir='ltr'>ingenium</span> <span class='ocrx_word' id='word_1_84' title='bbox 927 1446 970 1493; x_wconf 91' lang='lat' dir='ltr'>ac</span> <span class='ocrx_word' id='word_1_85' title='bbox 988 1420 1186 1495; x_wconf 82' lang='lat' dir='ltr'>maiorem</span> 
     </span>
     <span class='ocr_line' id='line_1_14' title="bbox 88 1516 1179 1625; baseline 0.002 -32"><span class='ocrx_word' id='word_1_86' title='bbox 88 1516 334 1597; x_wconf 85' lang='lat' dir='ltr'>eruditionis</span> <span class='ocrx_word' id='word_1_87' title='bbox 361 1536 592 1625; x_wconf 88' lang='lat' dir='ltr'>apparatum</span> <span class='ocrx_word' id='word_1_88' title='bbox 614 1522 700 1597; x_wconf 85' lang='lat' dir='ltr'>aliis</span> <span class='ocrx_word' id='word_1_89' title='bbox 725 1522 816 1597; x_wconf 89' lang='lat' dir='ltr'>iure</span> <span class='ocrx_word' id='word_1_90' title='bbox 838 1516 1118 1623; x_wconf 86' lang='lat' dir='ltr'>praeferantur</span> <span class='ocrx_word' id='word_1_91' title='bbox 1134 1522 1179 1617; x_wconf 81' lang='lat'>⁵).</span> 
     </span>
    </p>
   </div>
   <div class='ocr_carea' id='block_1_4' title="bbox 533 1728 743 1745">
    <p class='ocr_par' dir='ltr' id='par_1_4' title="bbox 533 1728 743 1745">
     <span class='ocr_line' id='line_1_15' title="bbox 533 1728 743 1745; baseline -0.014 0"><span class='ocrx_word' id='word_1_92' title='bbox 533 1728 743 1745; x_wconf 54' lang='lat' dir='ltr'>*nn—-</span> 
     </span>
    </p>
   </div>
   <div class='ocr_carea' id='block_1_5' title="bbox 262 1742 279 1775">
    <p class='ocr_par' dir='ltr' id='par_1_5' title="bbox 262 1742 279 1775">
     <span class='ocr_line' id='line_1_16' title="bbox 262 1742 279 1775; baseline 0 0"><span class='ocrx_word' id='word_1_93' title='bbox 262 1742 279 1775; x_wconf 58' lang='grc' dir='ltr'>ἱ</span> 
     </span>
    </p>
   </div>
   <div class='ocr_carea' id='block_1_6' title="bbox 189 1810 1185 1985">
    <p class='ocr_par' dir='ltr' id='par_1_6' title="bbox 189 1810 1185 1985">
     <span class='ocr_line' id='line_1_17' title="bbox 189 1810 1185 1985; baseline -0.002 -22"><span class='ocrx_word' id='word_1_94' title='bbox 189 1810 235 1977; x_wconf 73' lang='lat' dir='ltr'>s)</span> <span class='ocrx_word' id='word_1_95' title='bbox 261 1884 403 1985; x_wconf 78' lang='lat' dir='ltr'>Quodsi</span> <span class='ocrx_word' id='word_1_96' title='bbox 426 1886 472 1960; x_wconf 85' lang='lat' dir='ltr'>de</span> <span class='ocrx_word' id='word_1_97' title='bbox 492 1885 717 1959; x_wconf 87' lang='lat' dir='ltr'>Eruditione</span> <span class='ocrx_word' id='word_1_98' title='bbox 733 1892 886 1958; x_wconf 79' lang='lat' dir='ltr'>Petrum</span> <span class='ocrx_word' id='word_1_99' title='bbox 902 1882 1083 1959; x_wconf 82' lang='lat' dir='ltr'>Ecclesiae</span> <span class='ocrx_word' id='word_1_100' title='bbox 1099 1912 1185 1961; x_wconf 87' lang='lat' dir='ltr'>vere</span> 
     </span>
    </p>
   </div>
   <div class='ocr_carea' id='block_1_7' title="bbox 80 1984 1250 3405">
    <p class='ocr_par' dir='ltr' id='par_1_7' title="bbox 80 1984 1250 3405">
     <span class='ocr_line' id='line_1_18' title="bbox 84 1984 1250 2085; baseline 0.002 -24"><span class='ocrx_word' id='word_1_101' title='bbox 84 1984 257 2085; x_wconf 81' lang='lat' dir='ltr'>cogitare</span> <span class='ocrx_word' id='word_1_102' title='bbox 277 2011 321 2059; x_wconf 87' lang='lat' dir='ltr'>ac</span> <span class='ocrx_word' id='word_1_103' title='bbox 346 1988 511 2060; x_wconf 86' lang='lat' dir='ltr'>iudicare</span> <span class='ocrx_word' id='word_1_104' title='bbox 540 1988 718 2072; x_wconf 84' lang='lat' dir='ltr'>velimus,</span> <span class='ocrx_word' id='word_1_105' title='bbox 752 2012 832 2061; x_wconf 88' lang='lat' dir='ltr'>non</span> <span class='ocrx_word' id='word_1_106' title='bbox 859 1990 971 2060; x_wconf 88' lang='lat' dir='ltr'>talem</span> <span class='ocrx_word' id='word_1_107' title='bbox 996 1991 1183 2063; x_wconf 88' lang='lat' dir='ltr'>rationem</span> <span class='ocrx_word' id='word_1_108' title='bbox 1247 1990 1250 1995; x_wconf 70' lang='grc'><strong>’</strong></span> 
     </span>
     <span class='ocr_line' id='line_1_19' title="bbox 84 2088 1182 2185; baseline 0.001 -22"><span class='ocrx_word' id='word_1_109' title='bbox 84 2088 194 2163; x_wconf 85' lang='lat' dir='ltr'>illius</span> <span class='ocrx_word' id='word_1_110' title='bbox 222 2089 335 2161; x_wconf 88' lang='lat' dir='ltr'>nobis</span> <span class='ocrx_word' id='word_1_111' title='bbox 361 2089 525 2163; x_wconf 85' lang='lat' dir='ltr'>formare</span> <span class='ocrx_word' id='word_1_112' title='bbox 560 2088 758 2174; x_wconf 84' lang='lat' dir='ltr'>debemus,</span> <span class='ocrx_word' id='word_1_113' title='bbox 795 2090 944 2185; x_wconf 80' lang='lat' dir='ltr'>qttalem</span> <span class='ocrx_word' id='word_1_114' title='bbox 974 2092 1182 2165; x_wconf 83' lang='lat' dir='ltr'>recentiore</span> 
     </span>
     <span class='ocr_line' id='line_1_20' title="bbox 86 2188 1182 2288; baseline 0.001 -25"><span class='ocrx_word' id='word_1_115' title='bbox 86 2206 212 2263; x_wconf 77' lang='lat' dir='ltr'>aetate</span> <span class='ocrx_word' id='word_1_116' title='bbox 227 2191 403 2265; x_wconf 86' lang='lat' dir='ltr'>Eruditio</span> <span class='ocrx_word' id='word_1_117' title='bbox 426 2218 513 2287; x_wconf 87' lang='lat' dir='ltr'>prae</span> <span class='ocrx_word' id='word_1_118' title='bbox 537 2191 573 2262; x_wconf 89' lang='lat' dir='ltr'>se</span> <span class='ocrx_word' id='word_1_119' title='bbox 596 2188 680 2261; x_wconf 83' lang='lat' dir='ltr'>fert.</span> <span class='ocrx_word' id='word_1_120' title='bbox 732 2193 806 2287; x_wconf 82' lang='lat' dir='ltr'>Qui</span> <span class='ocrx_word' id='word_1_121' title='bbox 823 2191 907 2263; x_wconf 86' lang='lat' dir='ltr'>sane</span> <span class='ocrx_word' id='word_1_122' title='bbox 924 2192 1182 2288; x_wconf 77' lang='lat' dir='ltr'>antiquiorum</span> 
     </span>
     <span class='ocr_line' id='line_1_21' title="bbox 83 2292 1181 2391; baseline 0.002 -26"><span class='ocrx_word' id='word_1_123' title='bbox 83 2298 306 2365; x_wconf 79' lang='lat' dir='ltr'>Doctorum</span> <span class='ocrx_word' id='word_1_124' title='bbox 324 2317 367 2365; x_wconf 92' lang='lat' dir='ltr'>ac</span> <span class='ocrx_word' id='word_1_125' title='bbox 381 2296 614 2391; x_wconf 88' lang='lat' dir='ltr'>Scriptorum</span> <span class='ocrx_word' id='word_1_126' title='bbox 631 2311 891 2378; x_wconf 86' lang='lat' dir='ltr'>monumenta,</span> <span class='ocrx_word' id='word_1_127' title='bbox 912 2292 959 2363; x_wconf 92' lang='lat' dir='ltr'>ad</span> <span class='ocrx_word' id='word_1_128' title='bbox 972 2320 1046 2366; x_wconf 88' lang='lat' dir='ltr'>nos</span> <span class='ocrx_word' id='word_1_129' title='bbox 1064 2314 1181 2367; x_wconf 87' lang='lat' dir='ltr'>trans·</span> 
     </span>
     <span class='ocr_line' id='line_1_22' title="bbox 80 2393 1180 2491; baseline 0.003 -26"><span class='ocrx_word' id='word_1_130' title='bbox 80 2394 164 2465; x_wconf 77' lang='lat' dir='ltr'>late</span> <span class='ocrx_word' id='word_1_131' title='bbox 188 2416 231 2465; x_wconf 87' lang='lat' dir='ltr'>ac</span> <span class='ocrx_word' id='word_1_132' title='bbox 252 2393 488 2479; x_wconf 83' lang='lat' dir='ltr'>conservata,</span> <span class='ocrx_word' id='word_1_133' title='bbox 524 2394 671 2466; x_wconf 91' lang='lat' dir='ltr'>evoluit</span> <span class='ocrx_word' id='word_1_134' title='bbox 697 2420 738 2465; x_wconf 89' lang='lat' dir='ltr'>ac</span> <span class='ocrx_word' id='word_1_135' title='bbox 763 2393 978 2490; x_wconf 87' lang='lat' dir='ltr'>perpendit,</span> <span class='ocrx_word' id='word_1_136' title='bbox 1014 2420 1109 2491; x_wconf 86' lang='lat' dir='ltr'>quae</span> <span class='ocrx_word' id='word_1_137' title='bbox 1134 2397 1180 2467; x_wconf 93' lang='lat' dir='ltr'>ab</span> 
     </span>
     <span class='ocr_line' id='line_1_23' title="bbox 82 2490 1181 2593; baseline 0.002 -26"><span class='ocrx_word' id='word_1_138' title='bbox 82 2492 165 2567; x_wconf 74' lang='lat' dir='ltr'>istie</span> <span class='ocrx_word' id='word_1_139' title='bbox 178 2490 250 2567; x_wconf 86' lang='lat' dir='ltr'>sint</span> <span class='ocrx_word' id='word_1_140' title='bbox 272 2495 429 2581; x_wconf 85' lang='lat' dir='ltr'>tradita,</span> <span class='ocrx_word' id='word_1_141' title='bbox 455 2522 616 2593; x_wconf 84' lang='lat' dir='ltr'>quarum</span> <span class='ocrx_word' id='word_1_142' title='bbox 634 2497 771 2566; x_wconf 84' lang='lat' dir='ltr'>artium</span> <span class='ocrx_word' id='word_1_143' title='bbox 788 2521 829 2566; x_wconf 91' lang='lat' dir='ltr'>ac</span> <span class='ocrx_word' id='word_1_144' title='bbox 843 2497 1054 2567; x_wconf 85' lang='lat' dir='ltr'>litterarum</span> <span class='ocrx_word' id='word_1_145' title='bbox 1072 2496 1181 2569; x_wconf 81' lang='lat' dir='ltr'>dede.</span> 
     </span>
     <span class='ocr_line' id='line_1_24' title="bbox 83 2594 1180 2694; baseline 0.002 -27"><span class='ocrx_word' id='word_1_146' title='bbox 83 2596 168 2667; x_wconf 86' lang='lat' dir='ltr'>rint</span> <span class='ocrx_word' id='word_1_147' title='bbox 184 2594 425 2680; x_wconf 86' lang='lat' dir='ltr'>documenta,</span> <span class='ocrx_word' id='word_1_148' title='bbox 453 2623 565 2694; x_wconf 86' lang='lat' dir='ltr'>quam</span> <span class='ocrx_word' id='word_1_149' title='bbox 584 2597 745 2669; x_wconf 85' lang='lat' dir='ltr'>docendi</span> <span class='ocrx_word' id='word_1_150' title='bbox 761 2596 986 2669; x_wconf 88' lang='lat' dir='ltr'>methodum</span> <span class='ocrx_word' id='word_1_151' title='bbox 1003 2598 1180 2669; x_wconf 89' lang='lat' dir='ltr'>adhibue-</span> 
     </span>
     <span class='ocr_line' id='line_1_25' title="bbox 83 2695 1180 2795; baseline 0.001 -26"><span class='ocrx_word' id='word_1_152' title='bbox 83 2696 184 2781; x_wconf 85' lang='lat' dir='ltr'>rint,</span> <span class='ocrx_word' id='word_1_153' title='bbox 210 2720 286 2793; x_wconf 88' lang='lat' dir='ltr'>quo</span> <span class='ocrx_word' id='word_1_154' title='bbox 315 2695 369 2769; x_wconf 82' lang='lat' dir='ltr'>usi</span> <span class='ocrx_word' id='word_1_155' title='bbox 391 2696 463 2773; x_wconf 86' lang='lat' dir='ltr'>fint</span> <span class='ocrx_word' id='word_1_156' title='bbox 490 2699 639 2779; x_wconf 86' lang='lat' dir='ltr'>ordine,</span> <span class='ocrx_word' id='word_1_157' title='bbox 667 2723 762 2795; x_wconf 91' lang='lat' dir='ltr'>quae</span> <span class='ocrx_word' id='word_1_158' title='bbox 777 2699 858 2769; x_wconf 86' lang='lat' dir='ltr'>aliis</span> <span class='ocrx_word' id='word_1_159' title='bbox 877 2700 1108 2771; x_wconf 86' lang='lat' dir='ltr'>emendanda</span> <span class='ocrx_word' id='word_1_160' title='bbox 1124 2726 1180 2770; x_wconf 87' lang='lat' dir='ltr'>re·</span> 
     </span>
     <span class='ocr_line' id='line_1_26' title="bbox 81 2798 1180 2897; baseline 0.002 -26"><span class='ocrx_word' id='word_1_161' title='bbox 81 2798 284 2893; x_wconf 85' lang='lat' dir='ltr'>liquerint,</span> <span class='ocrx_word' id='word_1_162' title='bbox 323 2799 389 2895; x_wconf 91' lang='lat' dir='ltr'>qui</span> <span class='ocrx_word' id='word_1_163' title='bbox 421 2819 553 2872; x_wconf 84' lang='lat' dir='ltr'>cuncta</span> <span class='ocrx_word' id='word_1_164' title='bbox 587 2802 678 2875; x_wconf 88' lang='lat' dir='ltr'>haec</span> <span class='ocrx_word' id='word_1_165' title='bbox 708 2800 906 2897; x_wconf 80' lang='lat' dir='ltr'>diligenter</span> <span class='ocrx_word' id='word_1_166' title='bbox 939 2801 1115 2895; x_wconf 86' lang='lat' dir='ltr'>expendit</span> <span class='ocrx_word' id='word_1_167' title='bbox 1138 2826 1180 2873; x_wconf 85' lang='lat' dir='ltr'>ac</span> 
     </span>
     <span class='ocr_line' id='line_1_27' title="bbox 85 2899 1179 2995; baseline 0.002 -26"><span class='ocrx_word' id='word_1_168' title='bbox 85 2899 414 2995; x_wconf 86' lang='lat' dir='ltr'>comparationem</span> <span class='ocrx_word' id='word_1_169' title='bbox 437 2908 616 2973; x_wconf 86' lang='lat' dir='ltr'>Veterum</span> <span class='ocrx_word' id='word_1_170' title='bbox 644 2926 729 2973; x_wconf 89' lang='lat' dir='ltr'>cum</span> <span class='ocrx_word' id='word_1_171' title='bbox 759 2899 1044 2977; x_wconf 81' lang='lat' dir='ltr'>Recentioribus</span> <span class='ocrx_word' id='word_1_172' title='bbox 1077 2901 1179 2985; x_wconf 85' lang='lat' dir='ltr'>facit,</span> 
     </span>
     <span class='ocr_line' id='line_1_28' title="bbox 85 2996 1180 3100; baseline 0.001 -27"><span class='ocrx_word' id='word_1_173' title='bbox 85 2996 201 3073; x_wconf 79' lang='lat' dir='ltr'>facile</span> <span class='ocrx_word' id='word_1_174' title='bbox 221 3001 435 3097; x_wconf 78' lang='lat' dir='ltr'>perspiciet,</span> <span class='ocrx_word' id='word_1_175' title='bbox 462 3028 639 3100; x_wconf 83' lang='lat' dir='ltr'>magnam</span> <span class='ocrx_word' id='word_1_176' title='bbox 659 3000 727 3077; x_wconf 81' lang='lat' dir='ltr'>effe</span> <span class='ocrx_word' id='word_1_177' title='bbox 743 3001 1025 3097; x_wconf 81' lang='lat' dir='ltr'>discrepantiam</span> <span class='ocrx_word' id='word_1_178' title='bbox 1042 3004 1180 3075; x_wconf 88' lang='lat' dir='ltr'>utrius·</span> 
     </span>
     <span class='ocr_line' id='line_1_29' title="bbox 112 3102 1180 3175; baseline 0.002 -4"><span class='ocrx_word' id='word_1_179' title='bbox 112 3125 162 3172; x_wconf 91' lang='lat' dir='ltr'>ue</span> <span class='ocrx_word' id='word_1_180' title='bbox 176 3102 306 3173; x_wconf 86' lang='lat' dir='ltr'>aetatis</span> <span class='ocrx_word' id='word_1_181' title='bbox 320 3105 550 3175; x_wconf 73' lang='lat' dir='ltr'>ductorum:</span> <span class='ocrx_word' id='word_1_182' title='bbox 570 3104 809 3175; x_wconf 66' lang='lat' dir='ltr'>decentiores</span> <span class='ocrx_word' id='word_1_183' title='bbox 826 3104 1050 3175; x_wconf 81' lang='lat' dir='ltr'>Eruditione</span> <span class='ocrx_word' id='word_1_184' title='bbox 1066 3111 1180 3175; x_wconf 87' lang='lat' dir='ltr'>Vetu-</span> 
     </span>
     <span class='ocr_line' id='line_1_30' title="bbox 80 3128 1178 3300; baseline 0.001 -25"><span class='ocrx_word' id='word_1_185' title='bbox 80 3128 215 3275; x_wconf 77' lang='lat' dir='ltr'>stiores</span> <span class='ocrx_word' id='word_1_186' title='bbox 234 3205 396 3275; x_wconf 88' lang='lat' dir='ltr'>omnino</span> <span class='ocrx_word' id='word_1_187' title='bbox 415 3205 639 3275; x_wconf 86' lang='lat' dir='ltr'>antecedere.</span> <span class='ocrx_word' id='word_1_188' title='bbox 672 3240 676 3249; x_wconf 78' lang='lat'><em>=</em></span> <span class='ocrx_word' id='word_1_189' title='bbox 695 3210 797 3300; x_wconf 84' lang='lat' dir='ltr'>Quae</span> <span class='ocrx_word' id='word_1_190' title='bbox 816 3228 934 3299; x_wconf 91' lang='lat' dir='ltr'>quum</span> <span class='ocrx_word' id='word_1_191' title='bbox 949 3206 1001 3275; x_wconf 86' lang='lat' dir='ltr'>ita</span> <span class='ocrx_word' id='word_1_192' title='bbox 1019 3204 1102 3289; x_wconf 81' lang='lat' dir='ltr'>stat,</span> <span class='ocrx_word' id='word_1_193' title='bbox 1126 3205 1178 3276; x_wconf 86' lang='lat' dir='ltr'>se·</span> 
     </span>
     <span class='ocr_line' id='line_1_31' title="bbox 82 3304 1177 3405; baseline 0.002 -30"><span class='ocrx_word' id='word_1_194' title='bbox 82 3304 227 3401; x_wconf 85' lang='lat' dir='ltr'>quitur,</span> <span class='ocrx_word' id='word_1_195' title='bbox 254 3322 299 3393; x_wconf 73' lang='lat' dir='ltr'>ut</span> <span class='ocrx_word' id='word_1_196' title='bbox 315 3305 361 3377; x_wconf 92' lang='lat' dir='ltr'>de</span> <span class='ocrx_word' id='word_1_197' title='bbox 375 3308 440 3377; x_wconf 83' lang='lat' dir='ltr'>tali</span> <span class='ocrx_word' id='word_1_198' title='bbox 454 3306 678 3378; x_wconf 88' lang='lat' dir='ltr'>Eruditione</span> <span class='ocrx_word' id='word_1_199' title='bbox 695 3306 843 3377; x_wconf 87' lang='lat' dir='ltr'>anobis</span> <span class='ocrx_word' id='word_1_200' title='bbox 860 3304 905 3377; x_wconf 92' lang='lat' dir='ltr'>sit</span> <span class='ocrx_word' id='word_1_201' title='bbox 920 3305 1177 3405; x_wconf 81' lang='lat' dir='ltr'>cogitandum,</span> 
     </span>
    </p>
   </div>
   <div class='ocr_carea' id='block_1_8' title="bbox 146 3608 1214 4162">
    <p class='ocr_par' dir='ltr' id='par_1_8' title="bbox 146 3608 1214 4162">
     <span class='ocr_line' id='line_1_32' title="bbox 148 3608 1180 3737; baseline 0.004 -72"><span class='ocrx_word' id='word_1_202' title='bbox 148 3610 346 3737; x_wconf 55' lang='lat' dir='ltr'>{puppisque</span> <span class='ocrx_word' id='word_1_203' title='bbox 361 3608 576 3734; x_wconf 65' lang='lat' dir='ltr'>qppeslituhdinir</span> <span class='ocrx_word' id='word_1_204' title='bbox 593 3632 698 3697; x_wconf 67' lang='lat' dir='ltr'>eorum</span> <span class='ocrx_word' id='word_1_205' title='bbox 714 3613 763 3695; x_wconf 63' lang='lat' dir='ltr'>pel</span> <span class='ocrx_word' id='word_1_206' title='bbox 778 3630 846 3669; x_wconf 84' lang='lat' dir='ltr'>eum</span> <span class='ocrx_word' id='word_1_207' title='bbox 862 3614 1033 3673; x_wconf 77' lang='lat' dir='ltr'>idololatria</span> <span class='ocrx_word' id='word_1_208' title='bbox 1049 3616 1096 3697; x_wconf 65' lang='lat' dir='ltr'>rel</span> <span class='ocrx_word' id='word_1_209' title='bbox 1110 3632 1180 3699; x_wconf 73' lang='lat' dir='ltr'>cum</span> 
     </span>
     <span class='ocr_line' id='line_1_33' title="bbox 149 3690 1177 3825; baseline 0.003 -22"><span class='ocrx_word' id='word_1_210' title='bbox 149 3698 240 3805; x_wconf 57' lang='lat' dir='ltr'>..att</span> <span class='ocrx_word' id='word_1_211' title='bbox 252 3698 598 3805; x_wconf 58' lang='lat' dir='ltr'>¹132t&#39;utti&#39;tttt&#39;t</span> <span class='ocrx_word' id='word_1_212' title='bbox 620 3703 766 3805; x_wconf 66' lang='lat' dir='ltr'>isn‘si&#39;ii‘</span> <span class='ocrx_word' id='word_1_213' title='bbox 783 3690 1177 3825; x_wconf 62' lang='lat' dir='ltr'>{siiss&#39;isss&#39;i&#39;srtssi</span> 
     </span>
     <span class='ocr_line' id='line_1_34' title="bbox 149 3814 1177 3893; baseline 0.004 -24"><span class='ocrx_word' id='word_1_214' title='bbox 149 3814 320 3883; x_wconf 79' lang='lat' dir='ltr'>(seilicetl)</span> <span class='ocrx_word' id='word_1_215' title='bbox 344 3816 524 3892; x_wconf 81' lang='lat' dir='ltr'>Scripturas;</span> <span class='ocrx_word' id='word_1_216' title='bbox 551 3838 625 3893; x_wconf 82' lang='lat' dir='ltr'>quae</span> <span class='ocrx_word' id='word_1_217' title='bbox 650 3820 719 3874; x_wconf 75' lang='lat' dir='ltr'>sunt</span> <span class='ocrx_word' id='word_1_218' title='bbox 741 3824 829 3876; x_wconf 81' lang='lat' dir='ltr'>verba</span> <span class='ocrx_word' id='word_1_219' title='bbox 850 3824 1074 3878; x_wconf 71' lang='lat' dir='ltr'>Gaccarnrr</span> <span class='ocrx_word' id='word_1_220' title='bbox 1098 3822 1177 3876; x_wconf 71' lang='lat' dir='ltr'>ltiut</span> 
     </span>
     <span class='ocr_line' id='line_1_35' title="bbox 146 3878 1214 3959; baseline 0.002 -18"><span class='ocrx_word' id='word_1_221' title='bbox 146 3884 207 3941; x_wconf 82' lang='grc' dir='ltr'>ΡΡ.</span> <span class='ocrx_word' id='word_1_222' title='bbox 225 3884 326 3940; x_wconf 82' lang='lat' dir='ltr'>T.1V.</span> <span class='ocrx_word' id='word_1_223' title='bbox 346 3888 471 3959; x_wconf 74' lang='lat' dir='ltr'>Prolegg</span> <span class='ocrx_word' id='word_1_224' title='bbox 497 3890 528 3943; x_wconf 88' lang='lat' dir='ltr'>G.</span> <span class='ocrx_word' id='word_1_225' title='bbox 545 3894 584 3945; x_wconf 84' lang='lat'>16.</span> <span class='ocrx_word' id='word_1_226' title='bbox 603 3893 662 3957; x_wconf 78' lang='lat'>§.2</span> <span class='ocrx_word' id='word_1_227' title='bbox 708 3890 793 3946; x_wconf 78' lang='lat' dir='ltr'>Gna.</span> <span class='ocrx_word' id='word_1_228' title='bbox 817 3892 909 3946; x_wconf 66' lang='lat' dir='ltr'>Diu.</span> <span class='ocrx_word' id='word_1_229' title='bbox 934 3890 1034 3947; x_wconf 69' lang='lat' dir='ltr'>Brea</span> <span class='ocrx_word' id='word_1_230' title='bbox 1060 3892 1106 3945; x_wconf 76' lang='lat' dir='ltr'>sle</span> <span class='ocrx_word' id='word_1_231' title='bbox 1124 3892 1180 3944; x_wconf 83' lang='lat' dir='ltr'>Pa·</span> <span class='ocrx_word' id='word_1_232' title='bbox 1208 3878 1214 3895; x_wconf 66' lang='lat'><strong><em>¹</em></strong></span> 
     </span>
     <span class='ocr_line' id='line_1_36' title="bbox 147 3952 1179 4035; baseline 0.003 -27"><span class='ocrx_word' id='word_1_233' title='bbox 147 3962 236 4009; x_wconf 72' lang='lat' dir='ltr'>trum</span> <span class='ocrx_word' id='word_1_234' title='bbox 258 3952 337 4011; x_wconf 81' lang='lat' dir='ltr'>Eccl.</span> <span class='ocrx_word' id='word_1_235' title='bbox 364 3959 430 4013; x_wconf 81' lang='lat' dir='ltr'>Chr.</span> <span class='ocrx_word' id='word_1_236' title='bbox 451 3965 508 4010; x_wconf 78' lang='lat' dir='ltr'>cet.</span> <span class='ocrx_word' id='word_1_237' title='bbox 532 3959 591 4024; x_wconf 72' lang='lat' dir='ltr'>uju</span> <span class='ocrx_word' id='word_1_238' title='bbox 612 3956 712 4025; x_wconf 67' lang='lat' dir='ltr'>philol,</span> <span class='ocrx_word' id='word_1_239' title='bbox 738 3978 766 4031; x_wconf 91' lang='lat' dir='ltr'>p.</span> <span class='ocrx_word' id='word_1_240' title='bbox 782 3971 807 4017; x_wconf 73' lang='lat' dir='ltr'>t.</span> <span class='ocrx_word' id='word_1_241' title='bbox 826 3970 885 4014; x_wconf 82' lang='lat' dir='ltr'>not.</span> <span class='ocrx_word' id='word_1_242' title='bbox 903 3966 928 4017; x_wconf 88' lang='lat'>5.</span> <span class='ocrx_word' id='word_1_243' title='bbox 964 3962 1039 4019; x_wconf 80' lang='lat' dir='ltr'>Add.</span> <span class='ocrx_word' id='word_1_244' title='bbox 1065 3960 1179 4035; x_wconf 66' lang='lat' dir='ltr'>(trinu.</span> 
     </span>
     <span class='ocr_line' id='line_1_37' title="bbox 151 4022 1179 4103; baseline 0.002 -24"><span class='ocrx_word' id='word_1_245' title='bbox 151 4022 207 4079; x_wconf 73' lang='lat' dir='ltr'>De</span> <span class='ocrx_word' id='word_1_246' title='bbox 218 4044 243 4078; x_wconf 84' lang='grc' dir='ltr'>ιι.</span> <span class='ocrx_word' id='word_1_247' title='bbox 260 4024 436 4097; x_wconf 61' lang='lat' dir='ltr'>Opscus</span> <span class='ocrx_word' id='word_1_248' title='bbox 453 4026 492 4079; x_wconf 87' lang='lat' dir='ltr'>D.</span> <span class='ocrx_word' id='word_1_249' title='bbox 508 4024 573 4091; x_wconf 71' lang='lat' dir='ltr'>hill.</span> <span class='ocrx_word' id='word_1_250' title='bbox 592 4026 693 4095; x_wconf 77' lang='lat' dir='ltr'>plu&#39;los.</span> <span class='ocrx_word' id='word_1_251' title='bbox 714 4028 749 4081; x_wconf 82' lang='lat' dir='ltr'>de</span> <span class='ocrx_word' id='word_1_252' title='bbox 763 4026 960 4103; x_wconf 70' lang='grc' dir='ltr'>Ἀγραμμασίι</span> <span class='ocrx_word' id='word_1_253' title='bbox 978 4039 1048 4086; x_wconf 80' lang='lat' dir='ltr'>vett.</span> <span class='ocrx_word' id='word_1_254' title='bbox 1071 4026 1179 4081; x_wconf 79' lang='lat' dir='ltr'>Ciuita-</span> 
     </span>
     <span class='ocr_line' id='line_1_38' title="bbox 151 4086 1201 4162; baseline 0.015 -15"><span class='ocrx_word' id='word_1_255' title='bbox 151 4090 191 4147; x_wconf 81' lang='lat' dir='ltr'>tis</span> <span class='ocrx_word' id='word_1_256' title='bbox 207 4086 305 4159; x_wconf 67' lang='lat' dir='ltr'>clrnjlt,</span> <span class='ocrx_word' id='word_1_257' title='bbox 321 4090 508 4162; x_wconf 83' lang='lat' dir='ltr'>Doctorum,</span> <span class='ocrx_word' id='word_1_258' title='bbox 526 4096 591 4155; x_wconf 79' lang='lat' dir='ltr'>tul.</span> <span class='ocrx_word' id='word_1_259' title='bbox 608 4100 683 4155; x_wconf 77' lang='lat'>1750.</span> <span class='ocrx_word' id='word_1_260' title='bbox 701 4102 727 4155; x_wconf 77' lang='lat' dir='ltr'>t.</span> <span class='ocrx_word' id='word_1_261' title='bbox 961 4130 965 4137; x_wconf 94' lang='lat'>·</span> <span class='ocrx_word' id='word_1_262' title='bbox 1197 4094 1201 4101; x_wconf 70' lang='grc'><strong>’</strong></span> 
     </span>
    </p>
   </div>
   <div class='ocr_carea' id='block_1_9' title="bbox 0 0 1276 4724">
    <p class='ocr_par' dir='ltr' id='par_1_9' title="bbox 0 0 1276 4724">
     <span class='ocr_line' id='line_1_39' title="bbox 0 0 1276 4724; baseline 0 2"><span class='ocrx_word' id='word_1_263' title='bbox 0 0 1276 4724; x_wconf 95' lang='lat' dir='ltr'> </span> 
     </span>
    </p>
   </div>
  </div>
 </body>
</html>
