2542 4724
382 256 536 345 Can.
569 266 651 343 XV.
701 262 853 371 §.illi
1052 264 1163 346 ‚775

63 444 262 539 dantia
285 462 334 525 nt
356 448 571 551 proprium
593 447 858 527 commodum
879 447 1164 551 Ecclesiaeqne

61 550 187 627 Rom.
207 550 420 627 utilitatem
436 550 566 625 veluti
576 551 760 651 regulam
769 550 1023 641 constituant,
1039 576 1163 651 quam

60 646 142 727 hac
162 651 208 725 in
231 676 277 725 re
301 647 517 749 sequantur
524 676 536 742 ς
562 649 608 725 id
630 666 766 727 tamen
783 650 874 727 satis
895 650 1067 743 constat,
1085 676 1161 731 eos

65 764 179 826 certo
202 750 328 827 modo
351 751 534 826 Patribus
555 752 765 850 aequalem
786 776 881 827 cum
897 754 1102 853 Scriptura
1117 756 1159 831 8.

63 853 344 927 auctoritatem
360 878 405 926 ac
419 876 493 953 per
505 852 611 943 hanc
622 854 667 927 in
688 853 825 949 rebus,
845 878 948 952 quae
965 852 1017 928 ad
1031 849 1159 931 fidem

63 974 113 1025 ac
144 948 317 1126 {glutem
354 967 559 1029 aeternam
589 954 808 1055 pertinent,
837 953 1040 1055 probandi
1069 956 1159 1033 vim

60 1066 156 1130 sttn
182 1078 293 1129 nete.

71 1156 91 1203 ⁸
164 1157 307 1231 Veteris
322 1155 504 1232 Ecclefiae
522 1156 717 1232 Doctores
734 1158 887 1254 quando
904 1158 1097 1233 sententiis
1112 1183 1157 1235 ao

61 1253 174 1331 dictis
199 1256 274 1332 suis
299 1260 452 1356 pondus
483 1260 684 1334 conciliare
707 1262 932 1346 voluerunt,
956 1262 1157 1357 praecipue

58 1356 106 1433 id
121 1381 142 1430 s
164 1362 319 1433 Petrum
342 1360 565 1434 auctoritate
581 1356 793 1435 sumserunt
807 1377 920 1457 atque
935 1360 984 1433 ad
999 1362 1156 1435 consen·

58 1454 206 1533 sionem
238 1486 326 1534 cum
357 1462 434 1536 illis
463 1480 733 1559 provocarunt.
784 1461 962 1555 Inprimis
984 1462 1025 1533 in
1054 1466 1155 1535 Gon·

57 1558 239 1635 troversia
263 1562 400 1635 Ariane
415 1560 636 1639 ,testimonia
650 1569 805 1637 Petrum
822 1563 1022 1663 diligenter
1035 1562 1155 1637 adro·

51 1660 145 1735 'osu
161 1659 270 1751 sunt3
298 1664 404 1759 quod
427 1664 540 1737 etiam
553 1663 699 1738 sactum
720 1662 770 1739 est
783 1665 824 1736 in
840 1664 971 1737 litibus
986 1663 1153 1762 Pelagia-

61 1762 136 1835 nis.
169 1763 214 1835 Id
229 1764 335 1860 quod
348 1790 468 1861 quum
485 1766 600 1850 fieret,
616 1764 909 1863 fundamentum
924 1766 1154 1837 Traditionis

59 1858 230 1961 positum
256 1860 318 1949 est,
342 1882 477 1961 utpote
493 1890 589 1962 quae
605 1866 768 1937 maxime
782 1864 868 1961 ipsis
884 1872 1037 1940 Petrum
1054 1862 1154 1940 testi·
1212 1934 1218 1959 ,

58 1964 202 2039 moniis
231 1962 380 2039 nititur.
431 1972 511 2039 Iam
542 1984 702 2039 exeunte
733 1972 810 2041 Sec.
842 1972 888 2039 ΙΙ.
915 1969 976 2040 vel
996 1969 1154 2041 ineunte

60 2068 141 2139 Sec.
148 2071 229 2152 111,
247 2064 419 2162 inprimis
429 2066 530 2164 apud
540 2072 902 2153 Tznrunnraunnn
917 2068 1152 2141 Traditionis

57 2165 120 2241 vis
142 2190 193 2239 ao·
207 2165 400 2264 potestatis
423 2168 464 2239 in
488 2166 709 2241 definiendis
725 2164 939 2241 christianae
954 2158 1156 2267 religionis

60 2264 307 2363 dogmatibus
329 2270 474 2340 mentio
503 2267 601 2340 facta
626 2266 686 2341 eli.
738 2264 963 2340 Clarissimus
989 2268 1086 2340 hano
1107 2269 1150 2341 in

56 2394 140 2441 rem
172 2371 280 2443 locus
314 2366 363 2441 est
386 2362 467 2441 Lib'.
498 2371 543 2441 de
566 2364 784 2471 Praescript.
819 2371 1146 2442 adv.11aereticos

59 2474 151 2563 Cap.
166 2471 240 2556 22,
256 2470 322 2542 ubi
337 2472 428 2545 haec
443 2474 642 2569 leguntur:
682 2476 723 2543 Si
741 2471 812 2541 ltae
827 2475 881 2541 ito
890 2462 988 2567 sunt,
1005 2461 1148 2566 confiat

55 2573 217 2669 proinde
241 2596 388 2645 ornnem
412 2574 642 2659 doctrinam,
667 2596 763 2665 quae
788 2598 871 2643 cum
895 2573 966 2643 illis
983 2563 1150 2672 Ecclafiis

59 2659 284 2767 apostolicis,
295 2674 507 2746 uictricibus
523 2689 559 2746 tt
576 2671 819 2779 originalibus
833 2674 936 2743 Fidei
947 2669 1147 2771 conspirat,

56 2775 211 2845 veritati
227 2767 293 2875 effi
308 2778 589 2871 deputandnmt
610 2774 693 2871 stne
707 2773 817 2847 dubio
836 2790 1029 2857 tenentem,
1073 2774 1149 2847 uod

54 2865 221 2974 Ecclefia
246 2874 296 2945 ab
317 2868 517 2973 Apofiolr's,
538 2868 710 2975 Apostoli
724 2902 748 2947 a
773 2866 925 2973 Christo,
946 2800 1105 2968 Clarisdus
1120 2902 1147 2947 a

55 2978 146 3049 Deo
164 2982 315 3072 accepit.
366 2980 563 3073 Reliquam
574 3003 661 3051 vero
670 2980 879 3051 doctrinam
894 2977 940 3048 de
953 2976 1147 3049 rnendacio

33 3124 36 3131 ·
54 3078 403 3175 praeiudicandam,
421 3106 516 3173 quae
521 3074 654 3181 sapiat
668 3093 799 3153 contro
812 3080 1008 3149 veritatem
1020 3078 1146 3148 Eccle-

44 3168 211 3279 starum,
234 3192 271 3251 et
292 3168 571 3275 Apostolorum,
588 3198 625 3253 et
642 3174 771 3277 christi
787 3196 823 3251 et
840 3182 926 3251 Dei.
977 3168 1148 3275 Superest

58 3302 168 3375 ergo,
199 3294 242 3349 ut
271 3272 568 3377 demonstremus,
606 3310 656 3355 an
688 3274 813 3378 nostro
840 3282 1021 3366 doctrina,
1046 3282 1148 3351 cuius

56 3381 236 3477 regulam
251 3378 369 3481 supra
386 3384 581 3471 edidimus,
606 3386 652 3456 de
666 3376 930 3479 Apostolorum
948 3380 1149 3453 traditione

57 3474 260 3579 censeatur.
311 3484 395 3557 Vid.
430 3490 469 3556 C.
504 3490 604 3560 Cun.
635 3491 771 3559 Brncu
801 3488 854 3555 D.
887 3483 1070 3577 quosdam
1102 3506 1151 3553 eae

62 3586 115 3685 Q.
133 3582 171 3654 S.
189 3584 230 3654 F.
263 3587 492 3656 Tertulliano
518 3588 686 3658 collectos
701 3601 814 3680 atque
833 3572 1032 3677 illustratos
1047 3584 1148 3654 locos

58 3682 226 3781 theolog.
240 3677 521 3783 stflens,l1avn.
540 3690 648 3762 1790.
666 3686 704 3759 4.
721 3690 757 3776 §.
775 3684 812 3757 4.
865 3690 941 3757 Sec.
959 3690 1002 3757 V·
1021 3702 1149 3756 autent

58 3790 325 3861 thcnnmus
357 3779 557 3881 Lerinensrs
586 3788 847 3861 'traditionem
876 3786 1083 3880 Scripturne
1112 3788 1148 3855 S.

59 3884 341 3985 adiungendam
368 3886 436 3961 elle
456 3888 600 3961 lietuit:
628 3891 738 3961 docet
762 3889 875 3972 enim,
899 3912 981 3957 earn
1005 3889 1148 3956 univer·

46 3978 180 4087 fitam,
206 3993 429 4083 antiquitate
450 4005 487 4060 et
511 3982 735 4090 conserfione
756 3989 830 4059 niti
854 4011 896 4059 ac
920 3988 1011 4057 dicit
1038 3992 1148 4055 Corn·

59 4092 260 4165 resonitorio
283 4093 405 4187 primo
435 4096 522 4190 Cep.
542 4096 596 4177 ln
634 4092 909 4188 Antiquitatsru
931 4088 1077 4181 quidun
1091 4080 1153 4187 se·
