2542 4724
97 250 203 341 'aaa
308 298 312 311 ·
440 202 722 341 casam.
782 264 905 353 §.et

606 451 641 541 ς.
675 449 738 524 eo.

45 604 50 613 ·
123 592 162 615 ·“’
184 586 387 685 ’,Ρηετετ
403 582 769 685 ''mterpretationes
803 586 869 659 SS.
908 583 1221 682 Scripturarum,

127 700 228 787 quas
242 690 379 759 ‘Patres
399 710 443 758 ac
461 685 684 784 Scriptores
704 682 951 757 ecclesiastici
967 684 1224 783 reliquerunt

129 783 364 885 aequarum
381 801 495 858 antea
511 780 683 858 fecimus
705 786 1145 875 commemorationem,
1172 786 1221 860 ab

125 887 274 963 iisdem
300 887 375 959 alia
397 882 661 958 monumenta
689 886 938 984 accepimus,
974 886 1030 957 ita
1053 911 1223 1003 compo-

124 990 212 1076 nra,
246 1003 292 1061 ut
317 986 499 1085 qua'mvis
524 1010 610 1059 non
632 976 733 1085 ipsas
761 984 1025 1087 expositiones
1051 985 1219 1063 Codicis

123 1088 258 1165 ‘divini
287 1088 623 1187 complectantur,
663 1085 832 1159 subsidia
853 1103 988 1159 tamen
1014 1086 1064 1160 ad
1086 1089 1222 1187 expla-

125 1188 304 1265 nandam
335 1189 582 1295 scripturam
613 1190 650 1262 S.
680 1187 898 1287 praebeant
925 1203 1041 1285 atque
1071 1190 1222 1261 utilita-

123 1294 211 1367 tem
234 1286 443 1378 afferant,²
467 1286 495 1362 st
519 1287 588 1360 illa
612 1289 688 1361 rite
714 1287 965 1362 adhibentur.
1032 1292 1221 1388 Spectant

124 1392 209 1467 hue
237 1389 422 1491 inprimis
448 1389 741 1463 nonnullorum
762 1388 856 1463 libri
884 1392 1151 1492 Geographioe
1175 1414 1219 1462 ac

126 1494 405 1593 chronologiae
422 1490 607 1589 inprimis
616 1487 762 1593 sacrae.

125 1606 149 1633 '·
176 1608 185 1633 ·'
202 1594 347 1669 Referri
376 1597 450 1664 huc
473 1590 594 1688 potest
618 1599 811 1678 Euseun,
854 1595 919 1690 qui
946 1595 1045 1667 inter
1066 1600 1217 1668 Veteres

124 1696 384 1795 Geog'raphiae
401 1695 558 1765 biblicae
573 1695 695 1765 iucem
715 1696 852 1780 attulit,
880 1697 973 1768 liber
994 1697 1064 1794 περὶ
1079 1702 1146 1768 τῶν
1160 1725 1218 1768 το-

124 1792 228 1873 stadt
246 1796 449 1889 drbpdrwt'e'v
465 1802 507 1885 ‘up'
522 1804 592 1885 θείᾳ
610 1800 737 1889 γραφῇ,
765 1798 810 1867 de
826 1795 1032 1869 nominibus
1049 1799 1216 1869 locorum

125 1890 330 1973 bt²tirbium
356 1901 394 1968 in
418 1901 455 1969 8.
483 1900 694 1991 Scriptura,
727 1898 792 1991 qui
811 1899 1020 1971 etiamnum
1036 1899 1215 1995 interpre-

124 1998 226 2073 tibus
245 2005 278 2071 S'.
292 1999 440 2070 Codicis
457 2022 596 2094 magno
616 1997 773 2070 usuielle
785 1996 913 2096 potest.
958 2000 1160 2072 Recensuit
1175 2000 1216 2071 in

123 2096 385 2175 isto²noniina¹
403 2100 592 2171 dictorum
622 2101 797 2172 iocorum
828 2101 961 2172 ordine
988 2102 1213 2186 litterarum,

125 2198 346 2277 eorumdem
364 2199 471 2271 situm
488 2225 530 2271 ac
545 2202 875 2295 quomodoaetate
893 2202 971 2273 eius
988 2204 1216 2296 appellaren-

124 2314 189 2377 tur
215 2300 297 2388 illa,
327 2302 520 2397 explicuit.
574 2308 617 2372 In
643 2303 766 2373 indice
789 2303 862 2373 hoe
887 2303 930 2372 ab
945 2302 1119 2375 Eusebio
1147 2304 1216 2374 aliu

23 2448 34 2498 χ
127 2398 282 2486 timida,¹
307 2403 397 2489 alia,
426 2428 543 2496 quum
566 2404 598 2474 is
621 2404 774 2501 linguae
797 2404 945 2475 ebrteae
962 2405 1117 2501 ignarus
1134 2403 1216 2477 esset

128 2520 171 2579 'ac
198 2504 405 2577 versto'nem
444 2503 676 2599 septuaginta
708 2505 956 2599 interpretum
990 2506 1214 2600 sequeretur,

125 2606 260 2680 vitiose
279 2603 395 2701 posita
417 2604 511 2674 sunt.
573 2610 860 2677 Hianourtnus
886 2606 1026 2676 librum
1050 2607 1154 2678 hunc
1175 2607 1215 2677 in

123 2704 336 2782 semronern
356 2706 516 2775 latinum
536 2708 743 2792 transtulit,
777 2708 827 2777 ita
848 2723 994 2791 tamen,
1029 2725 1072 2777 ut
1094 2709 1214 2779 multa

103 2804 353 2889 detraheret,
390 2806 559 2891 adderet,
599 2826 772 2879 mutaret.
835 2814 902 2878 Per
935 2809 1090 2903 longius
1123 2827 1213 2881 tem·

38 2968 41 2975 .
124 2930 196 3006 pus
220 2908 477 3002 interpretatio
510 2911 599 2980 haec
631 2909 707 2979 sola
739 2912 854 2993 lecta,
896 2934 973 2980 nec.
992 2909 1089 2980 liber
1111 2910 1211 3005 prius

103 3020 106 3024 ’
125 3032 253 3111 graece
270 3012 391 3081 lucem
408 3009 522 3093 vidit,
563 3034 674 3102 quam
694 3035 811 3104 quum
834 3015 913 3081 Iac.
938 3018 1210 3082 torsimus

124 3114 173 3184 ad
196 3109 306 3184 istum
332 3134 459 3207 graece
487 3110 735 3189 emittendum
761 3136 895 3183 manus
928 3112 1149 3183 admoveret
1172 3135 1210 3183 ao

121 3212 350 3286 laudabilem
368 3236 519 3305 operam
538 3212 738 3284 adhiberet.
775 3213 998 3283 Emendavit
1010 3214 1209 3285 Eusebium

123 3340 169 3386 ex
188 3315 426 3405 Hieronymo
447 3330 483 3383 et
499 3313 601 3383 buno
620 3314 770 3397 exil10,
797 3312 958 3385 faciliori
978 3312 1115 3386 ordine
1133 3338 1209 3385 om-

123 3415 185 3486 nia
210 3410 370 3513 digeslit,
404 3437 544 3484 novant
565 3415 781 3508 composuit
796 3414 1024 3501 versionem,
1051 3414 1208 3514 insignes

123 3517 410 3598 annotationeS,
444 3514 717 3609 supplementa,
753 3517 918 3587 tabulam
945 3516 1208 3615 chorographi-

75 3664 85 3711 Ι
124 3642 206 3688 cam
228 3612 448 3687 Palaestinae
474 3616 606 3687 adiecit
634 3635 745 3711 atque
772 3619 876 3710 operi
902 3619 991 3688 hnic
1015 3641 1098 3689 eam
1121 3640 1207 3689 con·

123 3718 264 3789 ciliavit
283 3717 526 3814 dignitatem,
561 3736 604 3788 ut
627 3716 724 3789 inter
740 3719 932 3789 volumina
953 3717 1206 3817 Geographiae

123 3818 242 3891 sacrae
259 3820 428 3914 princeps
445 3817 632 3889 habeatur.
686 3818 921 3890 Praemissum
943 3817 989 3891 est
1008 3827 1206 3891 Commen-

120 3921 224 3992 tariis
252 3920 330 3990 eius
349 3920 389 3989 in
412 3914 578 4018 Iosuom,
613 3922 755 3991 Iudices
780 3936 814 3990 et
838 3922 958 4005 Ruti,
1000 3928 1080 3993 Par.
1099 3922 1205 3994 163¹.

122 4038 233 4114 atque
251 4019 388 4091 iterum
408 4020 514 4095 1659.
540 4016 608 4093 fot.
638 4047 678 4093 ac
703 4024 859 4094 titulum
883 4020 1062 4116 praefert:
1109 4026 1206 4094 Ouo·

122 4113 299 4217 ntusticou
325 4119 468 4193 urbium
484 4132 520 4192 et
537 4123 703 4195 locorum
718 4127 756 4195 S..
779 4123 991 4218 Scripturoe
1002 4118 1037 4223 s
1058 4122 1140 4195 Lib.
1165 4124 1207 4195 de
