2542 4724
84 264 161 355 500
286 238 291 247 ’
383 248 893 353 ‚concinnans

4 494 10 505 ·
71 454 269 553 .utqneita
284 470 371 525 onte
388 450 524 527 oculos.
535 448 674 545 posuit,
701 450 826 547 ut'qrii
841 448 931 533 scire
946 448 1065 549 cupit,
1088 476 1183 547 quae

81 556 157 631 sint
180 564 335 629 Patrum
366 552 693 646 interpretationes
717 554 1036 649 Evangelioruru‚
1072 552 1183 625 facile

87 652 150 741 eus
168 656 391 753 *perspicere
423 670 546 747 queat.
605 650 762 725 Exstant
786 654 857 725 alia
888 654 1034 751 generis
1067 654 1184 729 huiut

84 758 226 853 [cripta
243 758 370 848 inque.
383 754 447 825 his·
462 754 594 831 locum
618 770 767 825 tenent:
808 754 1051 851 L’Eeangile
1074 756 1122 827 de
1141 760 1183 829 δι’

87 856 299 941 Muttinem
326 877 416 925 neec
440 855 490 925 ses
514 850 756 949 explicatiores
774 854 837 925 des
856 857 894 925 S.
922 854 1033 927 Pires
1057 871 1096 927 et
1120 858 1183 927 des

85 964 249 1045 Aureus
264 942 553 1055 ecclefiastiques,
579 956 788 1029 Par.1.697.
810 956 846 1027 8.
898 962 997 1027 Tor.
1013 962 1182 1029 Macrin

83 1050 239 1155 I’rfiille
254 1062 414 1141 Parrum
427 1050 462 1157 s.
481 1046 749 1137 Meditutiones
770 1058 930 1127 Petrum
948 1056 1182 1129 orthodoxo-

84 1187 170 1233 rum
190 1163 227 1229 in
250 1158 463 1257 Evangelia
489 1152 759 1259 uuniversuriu,
801 1155 898 1229 Fiet.
927 1158 1038 1235 1639.
1055 1160 1100 1233 4.
1127 1176 1182 1233 at-

85 1260 260 1359 quealie.
275 1256 310 1355 *)
354 1334 357 1339 ,
417 1322 420 1327 .
740 1316 744 1323 .

92 1424 101 1435 .
141 1388 145 1393 ·
186 1368 245 1433 Io.
271 1369 477 1451 Lorpzrrn
502 1363 683 1458 Epitome
706 1363 963 1441 SSsPatrum
988 1386 1059 1457 per
1080 1364 1183 1437 tows

86 1488 319 1545 communes,
353 1467 415 1559 qni
439 1464 490 1535 ad
511 1467 692 1533 virtutum
721 1477 759 1535 et
779 1465 955 1533 vitiorum
981 1468 1186 1537 tractatioe'

86 1590 172 1651 nem
200 1578 237 1635 et
260 1566 310 1637 ad
329 1562 427 1663 fidei
452 1555 597 1659 nostrae
627 1554 886 1661 mysteriorum
916 1556 1183 1659 expolitionem

84 1670 272 1762 pertinent
293 1680 330 1736 et
351 1660 550 1765 adsueras
570 1669 760 1761 conciones
780 1690 848 1760 per
871 1692 1013 1737 annum
1035 1668 1182 1739 tumde

86 1782 272 1861 tempore,
312 1792 425 1860 qnam
456 1768 501 1837 de
526 1766 692 1849 Sarrctim
733 1770 847 1842 Rom.
875 1764 1071 1857 159619.
1110 1766 1177 1839 fol.

84 1873 214 1940 Venet.
242 1866 352 1940 1600.
383 1886 420 1939 et
442 1871 623 1963 Antverp.
649 1864 759 1939 1611.
783 1872 827 1939 V.
849 1864 887 1939 4.
938 1868 1054 1963 Quod
1082 1892 1177 1965 opus

85 1964 138 2041 est
161 1993 320 2067 magnae
341 1969 474 2054 molis,
504 1994 639 2065 parvae
662 1960 992 2039 autemuiilitatis.
1044 1970 1178 2043 Conse·

86 2086 231 2141 eratum
256 2071 297 2141 id
321 2068 487 2157 estillic,
515 2070 582 2165 qui
606 2066 798 2142 orationes
821 2069 939 2141 sacrae
962 2070 1122 2145 scribere
1137 2076 1177 2145 a't

84 2168 313 2243 testimoniis
331 2170 802 2245 Patrnmornare‘volunt.
819 2169 876 2259 **)

95 2294 124 2359 ,-·
186 2278 245 2345 10.
262 2281 468 2347 Borsaccr
496 2273 722 2369 Patrosogia
746 2265 773 2369 s
798 2272 843 2343 de
864 2268 1056 2360 libertate,
1081 2289 1177 2347 vete·

82 2400 169 2449 tum
182 2378 394 2457 Doctorum
400 2368 545 2473 scripta
562 2374 749 2444 iudicandi
759 2427 768 2459 ,
796 2398 871 2468 qun
887 2376 1046 2447 dilucide
1063 2368 1174 2471 often·

84 2478 196 2559 ditur,
225 2500 350 2548 omnes
363 2476 446 2572 fere
463 2479 596 2545 Patres
614 2500 779 2545 errorum
794 2490 829 2545 et
846 2471 1014 2571 hereseon
1033 2474 1083 2546 ub
1098 2468 1173 2571 ipfis

81 2573 288 2677 Pontficiis
319 2580 432 2673 argui
461 2590 573 2669 atque
604 2568 803 2671 postulari,
840 2578 975 2649 Stetini
1003 2576 1170 2651 1664&

82 2677 234 2767 Disserit
258 2683 403 2751 Auctor
437 2677 523 2749 satis
555 2677 706 2771 copiose
735 2679 780 2747 de
811 2679 998 2750 erroribus
1022 2684 1171 2749 Parrum

81 2783 183 2855 Eccl.
209 2804 349 2872 eosque
376 2779 539 2851 recenset
567 2778 773 2849 secundnm
799 2780 972 2851 ordinem
998 2778 1170 2851 locorum

81 2878 644 2978 theologicorum.postquam
670 2896 796 2950 autem
823 2880 868 2951 de
892 2882 967 2951 illis
991 2880 1170 2975 exposuit,

80 2984 202 3055 varias
220 2983 414 3080 subiungit
431 2980 661 3077 quaestiones
678 3000 790 3075 atque
806 2982 850 3051 ad
868 2982 950 3053 illas
966 2982 1169 3075 respondet,

81 3083 142 3177 uti
175 3082 281 3155 sunt:
322 3088 383 3157 An
416 3107 548 3155 onmes
574 3090 699 3154 Patres
724 3084 932 3177 approbent
963 3080 1170 3153 doctrinam

82 3210 126 3257 ac
154 3182 267 3256 fidem
290 3182 608 3256 Pontificiorum?
650 3187 793 3255 Annon
819 3184 1030 3265 Pontificiis
1061 3190 1167 3255 Rom.

79 3286 277 3359 Pontisr'cis
303 3287 506 3358 auctoritas
528 3285 650 3357 maior
676 3285 740 3369 sit,
778 3310 891 3379 quam
916 3284 995 3381 ipsa
1021 3290 1168 3355 Petrum

82 3385 313 3461 auctoritas?
353 3390 415 3459 Aa
437 3394 561 3458 Patres
591 3387 637 3456 ad
664 3388 826 3457 aliorum
850 3392 1005 3457 Patr-um
1029 3385 1167 3479 scripta,

81 3490 289 3563 secundum
329 3489 498 3559 divinam
535 3488 781 3582 Scripturarn,
824 3488 860 3557 se
893 3480 1168 3559 restrinxerinti

81 3594 143 3663 An
158 3598 282 3661 Patres
303 3589 447 3661 sensum
466 3587 645 3661 Ecclesiae
659 3588 772 3659 nobis
789 3586 1028 3686 significent?
1054 3590 1114 3659 An
1130 3606 1169 3657 ex

82 3693 217 3768 iisdem
234 3692 404 3761 Patribus
423 3688 533 3785 poslit
551 3692 819 3760 hodiernorum
838 3685 1168 3761 coruroversrarum

84 3792 219 3881 decisio
243 3791 353 3862 sieri?
393 3792 697 3863 Fundamentum
721 3792 954 3865 auctoritatis
979 3790 1168 3887 quodnam

81 3941 314 3969 -0-——-—-·

118 4024 145 4085 ν)
165 4019 299 4075 mern„
318 4016 449 4086 nmen
469 4016 604 4075 naama.
623 4022 646 4083 1,
664 4012 724 4079 ert.
993 4034 1018 4095 ι

116 4094 320 4159 '‘)Aa·1omus
339 4088 481 4147 subticui.
500 4086 616 4159 hispan
635 4108 705 4146 nou.
724 4090 746 4160 1,
764 4095 823 4149 550.
