2542 4724
406 304 440 383 C
468 328 493 380 t
520 329 554 380 a.
582 312 659 381 VII.
711 311 745 401 §.
773 306 835 383 67.
1082 306 1158 423 39l

67 499 154 569 Iure
167 494 326 570 laudent
341 495 499 570 eumob
516 470 768 568 eruditione’m
784 468 1000 593 Scriptores.
1053 497 1157 568 Hrn·

72 600 343 675 nourrius-de
368 602 544 695 Scriptor.
570 592 688 699 eccles.
712 604 751 670 C.
771 598 833 673 53.
859 601 1021 694 appellat
1042 599 1155 671 illum

77 704 166 771 neris
181 714 216 771 et
228 700 450 773 vehementis
465 702 605 797 ingenii
616 700 659 768 V
656 703 752 791 irum¹
768 718 805 771 et
819 700 860 771 in
877 704 947 794 Ep.
966 701 1018 770 oti
1032 704 1153 797 Mog-
1199 786 1202 791 Ι

79 822 163 873 num·
176 802 320 874 scribit:
358 802 458 907 Quid
480 802 707 877 Tertulliano
731 799 935 871 eruditius?
961 802 1050 896 quid
1065 822 1153 871 oeu-

84 900 171 973 riu?
195 904 354 1001 Quando
383 920 509 974 autem
530 909 795 974 Vmonnnrus
819 894 1019 997 Lerinenfis
1044 906 1154 972 Com·

86 1002 319 1077 monitam.
338 1004 382 1075 de
393 1028 436 1074 eo
453 1003 612 1075 iudicat:
634 1002 737 1073 Sicut
752 1003 823 1087 ille,
841 1002 1031 1100 Origenes,
1049 1001 1153 1099 opud

91 1102 252 1189 Graecos,
288 1108 342 1175 ito
369 1105 427 1175 hic
451 1105 552 1199 opud
578 1108 733 1174 Latinos
754 1094 961 1198 nostrorum
984 1107 1152 1197 omnium

85 1190 185 1299 focile
201 1209 372 1302 princeps
394 1205 609 1295 iudicandae
632 1196 690 1301 est.
737 1205 843 1308 Quid·
858 1209 954 1276 enim
978 1205 1048 1278 hoc
1068 1209 1149 1273 viro

92 1304 228 1392 doctus,
256 1308 345 1401 quid
367 1310 404 1375 in
427 1308 556 1376 (livinis
579 1320 690 1401 atque
705 1304 877 1376 humanis
897 1307 1002 1380 rebus
1017 1313 1151 1380 exerci-

92 1407 211 1479 tatius?
234 1412 332 1479 Nem
362 1433 380 1477 e
395 1432 540 1478 omnem
555 1401 826 1508 philosophiam
842 1422 879 1478 et
896 1424 1047 1480 cunctos
1060 1408 1148 1480 Phi·

92 1435 450 1609 losopliorumssctas,
487 1523 655 1580 auctores
673 1501 931 1610 offertoresque
944 1505 1152 1609 sectorum,-

93 1627 262 1705 omuesque
278 1635 404 1683 eorum
426 1610 654 1705 disciplinas,
689 1634 835 1682 omnem
853 1604 1087 1707 historiarum
1103 1638 1149 1683 oc

88 1694 265 1795 studiorum
289 1715 510 1783 varietatem
534 1715 630 1781 miro
655 1713 822 1807 quodam
845 1717 975 1783 ruentis
999 1718 1148 1809 capaci·

93 1814 374 1909 tetecompleaeus
390 1805 449 1912 est.
502 1816 658 1911 Ingenio
679 1836 772 1893 vero,
787 1837 907 1884 nonne
931 1829 1010 1884 tam
1033 1820 1146 1913 gravi

10 1986 12 1991 Ι
91 1912 327 1987 ocoeliementi
348 1914 534 1998 excelluit,
571 1928 614 1983 ut
624 1905 699 2013 fibi
720 1912 809 1982 nihil
821 1939 914 2010 perte
932 1916 983 1986 od
1001 1920 1146 2013 expug-

10 2036 12 2041 ·
89 2014 229 2087 undum
240 2010 489 2115 proposuerit,
521 2016 620 2109 quod
643 2030 717 2084 uon
737 2029 804 2083 out
822 2019 989 2087 ocurrtine
1006 2023 1144 2113 irrupe-

10 2146 21 2207 μ,
88 2110 140 2197 tlt,
167 2130 234 2188 out
246 2118 409 2213 pondere
429 2111 587 2218 eliserit?
623 2120 709 2186 Iam
725 2140 837 2211 porro
864 2122 1042 2188 orationis
1048 2113 1145 2218 suae

10 2218 14 2265 ¹
87 2206 190 2289 ludes
216 2222 298 2315 quis
320 2212 463 2316 ensequi
485 2218 629 2301 voleat,
671 2242 766 2312 quoe
794 2230 902 2287 toizta
927 2211 1041 2318 nescio
1093 2246 1145 2291 uo

83 2318 249 2391 rationum
272 2310 476 2417 neceffitote
499 2312 665 2420 conserto
686 2308 754 2412 est,
791 2333 833 2387 ut
854 2318 906 2389 cul
935 2244 1144 2421 consensum

76 2404 137 2511 stu',
167 2443 258 2515 quos
270 2413 423 2516 suotlere
437 2422 697 2515 nonpotuerit,
725 2420 911 2515 impellat,
938 2425 1037 2505 cuius
1052 2440 1147 2519 quot

10 2516 16 2579 -'
73 2538 152 2611 pene
165 2518 297 2609 verbo,
323 2514 596 2621 totseutentioe
608 2513 716 2618 stom
743 2534 833 2616 quot
847 2514 988 2622 sensus,
1016 2538 1075 2595 tot
1088 2528 1144 2597 vi·

72 2624 216 2709 ctoriae,
246 2622 288 2695 id
305 2622 410 2717 qnod
430 2623 592 2693 nimium
609 2618 678 2707 est,
714 2622 754 2693 in
771 2624 1005 2695 Tertulliano
1023 2626 1143 2699 admi-

64 2716 154 2807 tun
179 2748 250 2796 neo
265 2722 402 2795 iulium
419 2722 571 2795 tenuille
586 2722 764 2806 modum,
789 2722 949 2795 videtur.

157 2826 387 2908 Annonws,
404 2824 509 2897 cuius
517 2825 621 2895 Libri
639 2817 808 2924 adversus
819 2824 953 2898 Gentes
970 2830 1148 2925 quamvis,

59 2924 161 2999 vitiis
175 2926 277 2997 hund
289 2943 453 3013 careant,
473 2926 599 2998 minus
617 2944 740 2996 tamen
758 2926 845 2997 sunt
860 2934 1139 3017 contemnendi;

54 3024 120 3099 sed
134 3050 228 3125 quae
247 3027 477 3099 emendanda
497 3024 563 3098 elle
578 3026 776 3111 videntur,
815 3028 978 3100 excusari
995 3031 1138 3120 debere,

52 3128 216 3225 quiaque
235 3152 376 3224 aequus
396 3126 512 3199 iudex
528 3128 807 3229 pronuntiabit,
840 3128 909 3200 ubi
932 3135 1140 3227 expendere

50 3228 146 3301 velit
169 3230 350 3326 teinporis
374 3230 578 3315 rationem,
615 3253 691 3324 quo
710 3229 901 3301 Arnobiun
925 3232 1043 3317 libros
1065 3236 1148 3309 hos-

48 3330 326 3427 eomposuerit‚
361 3354 480 3425 quum
507 3330 569 3400 vix
589 3331 630 3400 in
649 3332 1010 3405 catechumenorum
1035 3338 1140 3407 ordi·

48 3454 140 3503 nem
163 3430 366 3527 adscriptus
384 3429 487 3502 effer:
521 3431 642 3503 inuno
667 3456 764 3526 opus
787 3432 862 3504 hoe
886 3434 1138 3534 ob'eloquen·

49 3530 274 3627 timetque
292 3532 542 3605 eruditionem
557 3532 791 3605 laudandum
809 3531 886 3606 effe.

150 3638 367 3705 Minuems
382 3640 522 3717 Fremit,
542 3634 607 3728 qui
623 3633 754 3704 itidem
768 3634 808 3704 in
823 3636 1001 3736 Dialogo,
1022 3642 1136 3713 Octa.

45 3736 129 3805 vius
145 3732 344 3828 inscripto,
371 3734 456 3806 satis
474 3734 667 3829 probavit,
695 3759 781 3805 eum
797 3736 1006 3811 litterarum
1024 3760 1137 3839 atque

45 3834 286 3929 antiquitatis
299 3835 400 3905 haud
417 3836 548 3906 rudem
565 3834 690 3919 suite,
707 3860 776 3908 nec
785 3835 962 3911 facultate
973 3844 1134 3931 coruiffe,

45 3938 238 4032 eleganter
252 3934 443 4007 scribendi.
476 3937 622 4007 laudat
637 3932 761 4009 stilum
797 3938 853 4011 ‘us
868 3947 926 4011 Io.
941 3948 1009 4013 Fn.
1028 3952 1134 4016 Gno-

44 4060 216 4120 nortus,
242 4037 284 4109 in
303 4031 397 4137 Obff.
415 4042 451 4106 in
471 4038 648 4132 Scriptor.
666 3965 810 4137 coelestii
825 4052 852 4112 t.
869 4046 955 4138 Cep.
972 4046 1021 4128 7.,
1047 4072 1132 4141 pec·

42 4156 106 4209 eat
120 4154 260 4224 autern,
283 4156 326 4211 ut
341 4139 500 4226 videtur,
528 4164 586 4227 eo,
614 4141 719 4237 quod
734 4142 897 4217 nimium
914 4140 972 4215 est.
1011 4146 1131 4220 Verba
