2542 4724
327 270 375 407 'c
403 350 430 403 A
457 333 584 453 uu.
631 327 667 423 §a
693 328 874 445 roano.
1085 336 1165 413 err

59 547 166 609 rum,
195 523 316 594 cornis
338 511 649 620 resurrectionem.
702 516 903 593 Ecclesiam
918 476 1031 596 Rom.
1050 528 1160 603 omni

59 650 151 700 cura
172 619 395 721 providisse,
422 642 471 690 nc
493 621 569 691 ulla
588 619 762 712 Symboli
783 618 896 693 huius
915 621 1019 697 lieret
1034 646 1160 703 mutu·

17 744 20 749 '
57 727 139 815 tio,
167 752 215 799 ex
227 728 460 796 Anonosro
479 711 594 817 Episl.
613 722 676 794 81.
698 722 892 817 probatur.
910 720 947 813 *)

163 854 390 953 symbolum
414 848 643 956 Aquileiense
668 856 773 949 quod
804 858 965 933 relatum
993 848 1158 963 legimus

61 961 164 1061 apud
189 961 373 1034 Rufinum
397 960 485 1044 1.1.,
512 955 588 1027 hoc
612 955 706 1029 fnit:
741 959 857 1029 Credo
882 963 918 1030 iu
935 965 1061 1036 Deum
1081 962 1159 1040 Pa'.

63 1081 160 1138 trem
181 1066 492 1158 omnipotentem,
519 1048 731 1155 invifilu'lern
749 1074 785 1132 et
801 1052 1064 1157 irnpaffiltilem.
1104 1060 1176 1141 Et.
1227 1098 1241 1123 *

60 1171 100 1239 in
118 1154 299 1261 Christum
316 1150 448 1257 Iesum,
466 1163 614 1230 unicum
620 1152 750 1254 filium
769 1163 852 1244 eius,
869 1154 1077 1238 Do'rninum
1093 1194 1159 1241 no-

51 1258 197 1366 firurn,
223 1267 286 1359 qui
309 1277 422 1332 natus
444 1252 494 1355 est
511 1261 557 1330 de
576 1260 717 1354 Spiritu
735 1263 772 1330 S.
790 1286 837 1333 eu
851 1261 984 1335 Morio
999 1271 1157 1367 virgine,

62 1360 260 1466 crucifixus
273 1353 347 1459 sub
363 1366 498 1433 Pontio
515 1362 640 1432 Pilato
659 1374 694 1430 et
700 1354 882 1459 sepultus,
909 1359 1090 1463 descendit
1106 1372 1160 1442 ael

61 1466 225 1565 inferno.
287 1467 414 1535 Tertio
434 1464 491 1535 elie
514 1455 709 1561 resurrexit
726 1488 749 1530 a
767 1467 941 1550 mortuis,
970 1466 1160 1565 adscendit
1184 1546 1189 1553 ,

61 1573 101 1643 in
129 1566 272 1652 coelos,
294 1558 404 1662 sedet
426 1564 476 1634 od
500 1565 674 1635 dextrum
697 1564 845 1635 Patra:
875 1566 959 1636 inele
977 1585 1160 1651 ¹venturus

61 1658 137 1765 est,
165 1668 325 1739 iudicare
351 1669 454 1736 vivos
477 1668 518 1739 εί
538 1679 715 1737 mortuos.
768 1669 820 1738 Et
844 1669 886 1761 in·
899 1669 1079 1763 Spiritum
1096 1676 1158 1759 S..

61 1776 104 1845 S.
125 1760 326 1868 Ecclefimn
359 1765 603 1850 catholicum,
642 1756 881 1861 remrffionem
905 1785 1158 1864 peccatorum,

61 1872 170 1946 huius
191 1873 311 1943 carnis
335 1860 641 1967 resurrectionem.
694 1871 752 1935 De
770 1868 953 1958 symbolo
980 1864 1160 1947 orientnle

62 1969 417 2070 etqueAntioclreno
435 1965 572 2064 postea,
597 1966 750 2063 quando
774 1968 819 2040 de
831 1970 1022 2062 symbolis
1032 1976 1160 2047 Eccle-

63 2073 137 2149 siue
166 2072 358 2145 orientalis
386 2070 593 2168 generatim
618 2068 772 2143 anobis
799 2073 1068 2167 exponendum
1096 2072 1159 2164 est,

62 2173 250 2275 quaedam
267 2172 445 2248 dicemus.

530 2313 567 2403 ᾗ.
620 2308 704 2384 110.

159 2478 360 2580 'Symbola
390 2476 552 2580 publiea
581 2476 723 2551 itidem
754 2476 860 2551 inter
888 2475 928 2550 se
966 2475 1161 2559 disserunt
1228 2554 1234 2573 ,

63 2581 224 2699 aliaque
259 2579 350 2655 sunt
387 2583 653 2679 particularia,‘
698 2578 773 2650 alia
806 2593 940 2653 autem
974 2576 1159 2680 universa.

60 2682 240 2771 Perille,
267 2706 368 2780 quae
382 2685 628 2780 particularia
649 2679 911 2778 appellantur,
927 2679 1162 2781 intelligun-

61 2802 133 2861 tur
160 2782 372 2881 S‘ymbola,
409 2809 431 2855 a
457 2781 645 2881 singulari
675 2778 995 2856 Christianorum
1028 2799 1162 2871 coetu,

62 2884 136 2963 vel
160 2908 183 2957 u
208 2882 449 2981 quibusdam
476 2899 632 2956 tantum
647 2879 832 2955 Ecclefiis
854 2898 1035 2981 recepta5
1062 2884 1164 2960 haee

66 3000 217 3073 autem,
246 2982 326 3057 five
347 2980 512 3087 universo
528 2981 631 3071 sunt,
653 3007 754 3080 quae
772 3006 914 3057 omnes
933 2983 1163 3075 Christiani,

63 3100 179 3165 recte
204 3082 440 3173 sentientes,
473 3085 656 3186 plerique
679 3082 837 3169 saltem,
872 3084 1093 3184 approbant
1119 3110 1164 3158 ac

65 3186 120 3263 de
131 3182 387 3285 dogmatibus
408 3211 550 3259 eorum
567 3184 831 3259 consentiunt.
860 3186 1029 3258 Generis
1040 3185 1163 3259 huius

65 3286 182 3363 sunt:
211 3287 452 3384 Symbolum
470 3280 742 3384 Apostolicurn,
770 3285 999 3372 Nurimum,
1027 3289 1164 3361 Nicae-

65 3408 143 3463 uo‘·
157 3382 608 3488 Coufiantinopolitnnum
627 3402 744 3482 atque
762 3378 1074 3485 Atlronnfianum.

110 3550 114 3557 ’
171 3532 230 3599 De
258 3525 317 3598 his
335 3550 488 3621 quoque
506 3523 697 3616 Symbolis
722 3550 763 3596 ea
779 3529 906 3596 Patres
920 3522 1102 3597 Ecclesiae
1125 3525 1167 3597 in

66 3628 332 3702 monumentis
352 3628 423 3698 suis
445 3627 581 3697 litteris
605 3626 850 3710 mandarunt,
878 3648 973 3718 quae
990 3626 1037 3696 ad
1052 3622 1172 3697 histos

67 3730 167 3803 riam
185 3724 340 3801 istorum
366 3731 489 3799 lucem
509 3724 734 3823 praeferunt.
787 3732 846 3797 De
862 3725 1043 3825 Syrnlrolo
1061 3733 1168 3822 Apo·

57 3818 211 3926 fiolic0,
237 3828 427 3923 speciatim
445 3829 490 3903 tle
509 3826 656 3926 origine
673 3829 752 3899 eius
768 3824 931 3923 fatisque
949 3828 1049 3899 haud
1064 3853 1170 3897 corn·

67 3929 231 4004 mentati
249 3930 336 4000 sunt
343 3955 356 4015 3
379 3928 536 4004 suerunt
560 3946 707 4016 autem,
735 3930 802 4026 qui
822 3930 918 4000 illud
943 3931 1187 4024 explicarent·

105 4188 136 4259 t)
154 4184 199 4242 01.
216 4184 335 4247 wira
355 4186 375 4243 1.
393 4206 417 4245 c.
439 4205 469 4260 p.
487 4191 530 4246 56.
782 4234 865 4310 w
