2542 4724
376 294 409 368 C
436 314 461 365 t
489 318 524 365 r.
557 300 634 369 vn.
689 294 812 386 §..7s.
1065 230 1138 363 sil

49 480 151 575 tyrio
171 482 323 567 iacobi·
334 478 459 553 fratris
475 482 653 567 Domini;
682 483 727 555 de
743 478 1032 578 persequutione
1045 483 1136 549 Pro-

52 586 282 681 pinquorum
307 585 513 655 Servatoris
538 580 671 665 nostri;
714 584 761 654 'de
781 584 990 665 Simeonis,
1027 580 1165 651 Cleo·-

55 686 144 777 phae
162 685 250 771 lilii,
275 685 476 775 martyrio,
504 684 548 754 ab
566 690 746 756 Eusuuro
774 686 816 755 in
832 668 926 779 'trist
945 668 1130 779 eecsefiafi.

63 787 294 859 conservatas.
311 784 349 874 *)
399 791 547 856 Praeter
570 783 659 857 haec
684 786 851 881 spectant
873 786 965 857 huc:
1002 788 1131 853 Hesr·

67 910 144 959 cun
168 879 333 984 Historia
361 878 506 985 eccsefla
523 890 615 971 tica,
659 913 794 983 exque
813 889 922 959 locus
944 886 991 957 de
1008 880 1150 955 Theo?

69 984 148 1059 doro
162 983 427 1083 Mopsvesteno
446 1014 465 1057 e
521 1006 577 1071 at;
603 994 811 1061 Patronus
826 985 1047 1082 Philosophi
1063 987 1132 1053 Hi·

65 1076 162 1181 [ἑστία
178 1079 429 1186 eccscſsostica,
456 1114 598 1183 exque
622 1096 823 1188 Mrenrrr
848 1096 1024 1171 Gnrcas,
1050 1089 1129 1155 Au·

75 1190 132 1259 uul.
153 1216 187 1287 p.
204 1190 290 1263 282.
317 1192 503 1265 nonnulla
529 1186 653 1273 affert;
685 1196 914 1263 Pmmrus
940 1195 1131 1261 Stncres.

77 1288 160 1363 cuius
181 1282 367 1391 Historiae
397 1282 613 1387 christianae
637 1289 778 1390 insigne
806 1280 1062 1388 fragmentum
1086 1286 1132 1355 de
1170 1340 1174 1347 .

75 1389 206 1463 Scholae
230 1391 503 1463 Alexandrinae
528 1388 746 1464 successione
771 1398 818 1465 H.
842 1396 1130 1469 Donwrrunus,

76 1487 113 1557 ad
132 1484 261 1564 calcem
284 1484 448 1591 Differtt.
476 1497 512 1562 in
538 1499 733 1564 Irenaeum
743 1492 759 1577 ,’
799 1490 1048 1567 oxon.1689.
1080 1490 1128 1569 Su
1166 1526 1172 1541 ·

75 1586 168 1699 edidit
182 1612 295 1688 atque
309 1589 516 1664 illustravit.
570 1600 696 1693 Quum
721 1613 847 1665 autem
870 1588 1039 1664 historiae
1061 1591 1130 1659 hu·

10 1748 12 1771 .
74 1708 120 1763 lus
132 1694 278 1766 initium
295 1692 437 1765 facturn
457 1692 506 1767 est
524 1695 568 1766 ab
588 1696 679 1767 orbe
694 1695 849 1767 condito
867 1718 983 1790 eaque
1006 1690 1053 1763 ad
1074 1716 1131 1760 ae·

75 1800 167 1867 litem
181 1796 356 1869 Auctoris
375 1795 397 1865 s.
416 1796 464 1867 ad
484 1802 559 1868 Sec.
576 1803 618 1871 V.
634 1797 833 1892 perducta,
859 1792 1131 1873 monumentis,

76 1910 151 1981 quse
171 1898 217 1969 ad
240 1896 359 1968 solam
378 1894 580 1969 Historiam
603 1895 874 1969 ecclesiasticam
889 1904 936 1968 N.
956 1902 1000 1967 T.
1019 1893 1131 1989 perti·

76 2010 164 2087 nent,
190 2000 255 2069 illa
272 1998 374 2067 haud
394 2000 670 2071 annumeranda
693 1996 751 2070 ess.
802 1999 978 2069 Aliorum
998 1995 1132 2088 scripta
1204 2064 1210 2077 ,

76 2090 218 2181 dudem
233 2094 421 2175 Historiae
437 2124 563 2196 graeca
578 2101 727 2196 penitus
745 2100 832 2169 sunt
847 2096 1047 2192 deperdita,
1076 2094 1133 2164 uti

77 2194 249 2283 loannis,
283 2199 405 2271 Presb.
426 2203 616 2298 Aegonis,
650 2193 814 2293 Historia
832 2186 1084 2297 eccsrfiufiica‚
1112 2220 1133 2266 a

77 2290 283 2393 tltpositioue
305 2298 464 2372 Nestorii
488 2322 524 2373 et
547 2302 748 2375 Theodosii
771 2300 930 2372 iunioris
955 2296 1134 2390 tempori·
1246 2366 1249 2371 .

10 2452 14 2461 -
75 2386 131 2471 ltu
142 2402 245 2474 libris
268 2402 413 2485 decem3
449 2409 611 2474 Basrctt
636 2404 758 2474 Cilicis
786 2392 950 2498 Historia
972 2390 1132 2493 ecclefia-

73 2482 264 2585 sterilitatis
282 2502 422 2589 tribus,
449 2503 495 2573 de
522 2506 657 2598 quibus
683 2503 815 2575 itidem
834 2508 982 2573 Veteres
1007 2496 1135 2569 testan-

75 2610 131 2674 tur.
177 2604 250 2677 Sed
265 2604 489 2677 dimittimus
506 2604 576 2677 hos
593 2632 634 2677 ac
648 2604 838 2704 pergimus
856 2604 904 2673 ed
919 2624 1005 2687 eos,
1042 2624 1137 2694 quo.

74 2720 143 2777 turn
158 2725 405 2777 monumenta
423 2702 606 2778 Historiae
623 2704 872 2778 ecclesiasticae
896 2702 991 2775 novi
1006 2700 1136 2801 scede-

73 2798 112 2875 πὶ
124 2807 165 2878 ab
182 2806 403 2901 antiquitate
419 2805 531 2878 nobis
545 2808 689 2907 integra
706 2810 831 2881 relicta
843 2804 1007 2877 suerunt.
1042 2808 1139 2874 Sunt

72 2896 117 2977 itti
136 2910 197 2979 vel
217 2912 363 3007 graeci,
401 2910 462 2979 vel
486 2910 602 2979 latini.
654 2916 699 2981 In
723 2898 882 2980 nfflnero
904 2927 1137 3005 graecorum,

72 3004 216 3081 erssant:

157 3140 361 3211 Eusccrus
378 3136 630 3222 Caesareensrs,
651 3136 717 3234 qui
733 3136 831 3209 inter
848 3136 1051 3231 Scriptores
1067 3136 1140 3204 hot

68 3238 194 3310 merito
214 3240 385 3334 princeps
403 3236 462 3311 est.
515 3238 575 3309 Ad
590 3235 757 3336 posteros
773 3238 837 3309 ille
854 3232 1053 3309 transmifit
1073 3238 1140 3303 Hi-

63 3326 194 3431 storiue
216 3333 333 3455 eccles.
360 3337 465 3409 Ltbiu
486 3342 534 3409 X.
556 3340 677 3435 iisque
700 3341 845 3435 primus
867 3332 1005 3411 iustum
1030 3338 1140 3407 volu-

62 3464 146 3513 men
162 3438 354 3511 universae
370 3436 541 3510 historiae
559 3438 670 3512 huius
689 3437 922 3535 composuit,
966 3437 1011 3508 ab
1029 3437 1140 3509 initio

58 3536 327 3615 Christianismi
343 3564 462 3635 usque
480 3540 526 3611 ad
542 3544 752 3626 Licinium,
787 3566 807 3611 a
825 3536 1069 3613 Constantino
1085 3542 1143 3609 Μ.

53 3640 274 3739 superatum
287 3658 397 3737 atquc
418 3638 636 3715 exstinctum
651 3667 853 3740 pacemque
870 3638 1046 3713 Ecclesiae
1061 3637 1143 3721 red·

55 3742 191 3815 ditem.
240 3747 399 3819 Enarrat
418 3738 615 3840 diligenter
635 3769 778 3825 rerunt,
805 3742 845 3812 in
861 3741 1016 3813 Ecclesia
1033 3734 1145 3839 gesta·

50 3868 160 3933 rum,
182 3842 332 3926 seriem3
358 3839 627 3938 Apostolorum
644 3864 755 3945 atque
772 3843 932 3915 aliorum
947 3840 1146 3915 illustrium

92 4148 124 4211 ⁹)
146 4138 214 4197 virt.
232 4138 264 4197 F.
282 4142 373 4197 Auru.
400 4143 558 4198 Hem-reuss
577 4140 738 4213 uthuseb.
760 4142 796 4201 11.
814 4126 906 4208 Ant,
922 4146 964 4199 23.
981 4147 1042 4193 not.
1057 4144 1083 4193 6.
