2542 4724
388 290 424 392 0
452 313 477 367 a
504 314 541 365 r.
578 294 677 368 vm.
727 291 764 384 3.
789 290 852 368 78.
1089 301 1175 415 467

76 485 217 581 Lopinr‘
246 502 289 554 ac
326 478 433 552 Rern.
470 478 516 551 de
547 478 804 578 Montfauccn
839 484 1035 583 evulgatae
1064 487 1163 582 lunt,

75 589 324 683 Arntnasu
352 581 534 678 Operum,
568 587 648 652 Par.
669 583 778 656 1698.
806 581 875 654 fol.
910 590 1163 664 aBenedicti-

74 686 138 760 nie
162 684 371 779 editorum,
415 690 526 754 Tom.
550 686 597 753 11.
631 682 656 752 s.
689 689 732 753 T.
757 689 785 755 Ι.
818 690 914 757 Part.
932 688 967 758 2.
992 714 1029 785 p.
1048 692 1161 769 1009.

74 786 285 862 Dubitatur
307 802 450 866 tamen,
488 807 535 853 an
558 782 627 853 hae
646 782 908 878 Expofitiones
929 788 970 860 in
995 792 1161 869 Psalmoa

74 888 150 963 lint
170 883 372 971 Athanasii.
434 883 623 980 Quaedam
654 885 723 955 alia
753 890 997 961 Arnanatn
1026 918 1187 976 monu-¹

73 1006 204 1064 menta
228 987 432 1085 exegetica,
476 1002 582 1055 antea
606 985 708 1054 haud
736 986 855 1073 edita,
890 988 991 1062 idem
1015 998 1166 1067 Mon'r·
1214 1007 1237 1048 '·

75 1108 245 1164 raucott
269 1089 309 1157 in
330 1088 551 1157 Collectione
577 1107 678 1155 nova
697 1088 856 1157 Potrum
877 1103 914 1160 et
933 1090 1166 1188 Scriptorum

72 1189 250 1290 publicae
268 1189 345 1260 luci
363 1186 551 1282 exposuit.
579 1187 656 1256 uti:
699 1190 975 1285 Argumentum
1000 1197 1036 1262 in
1061 1191 1165 1294 Psal-

72 1314 160 1366 mot
175 1297 286 1362 Tom.
305 1294 351 1359 Π.
372 1308 409 1383 p.
428 1287 488 1360 69.
507 1305 543 1357 et
559 1285 824 1382 Supplementa
844 1292 1109 1367 Commentarii
1124 1306 1163 1370 in

73 1388 270 1491 Psalmo&
300 1395 531 1486 Fragmenta
550 1390 909 1485 Commentariorum
925 1396 961 1462 in
976 1399 1162 1495 Evangel.

74 1490 288 1576 Matthaei,
313 1488 404 1562 ibid.
420 1515 457 1587 p.
474 1486 536 1562 24.
564 1507 601 1562 et
623 1489 665 1562 in
688 1492 871 1590 Evangcl.
896 1497 1039 1582 Lucae,
1071 1499 1163 1595 ibid.

73 1620 115 1695 P·
132 1590 195 1671 4²·
214 1586 252 1676 *)

181 1724 397 1792 ῦηῦοΒΠ
414 1709 520 1819 Nyffi
546 1721 792 1812 ’Δπολογητικός
812 1724 884 1816 πρὸς
912 1729 968 1816 τῆς
994 1702 1164 1823 ἑξαημὲρόυ

74 1821 294 1919 Replicatio
311 1822 548 1918 apologetico
567 1824 603 1890 in
621 1826 900 1908 Hexotmeron,
928 1851 1022 1920 quae
1039 1832 1164 1925 appel-

74 1926 181 1997 latur
201 1920 472 2020 Apologetica,
507 1922 688 2015 quoniam
710 1921 818 1995 fimul
843 1928 1011 1998 continet
1036 1929 1166 2003 defen·

75 2021 220 2098 tionem
241 2021 357 2097 Molis
373 2041 484 2118 atque
501 2047 651 2121 eorum,
680 2049 773 2119 quae
789 2027 965 2096 nonnulli
981 2029 1020 2097 in
1040 2028 1165 2105 fratris

75 2122 203 2199 Basilii
218 2128 452 2195 Hexaemero
474 2124 533 2193 vel
550 2124 878 2219 reprehenderant,
911 2129 970 2198 vel
989 2128 1166 2204 defidera·
1219 2153 1222 2157 ·

76 2241 225 2300 veram.
286 2220 437 2297 Exstant
469 2223 580 2296 etiam
607 2225 771 2297 eiusdem
796 2232 991 2299 Tractatus
1020 2229 1096 2302 duo
1121 2238 1162 2318 εἰς

74 2326 139 2421 τὴν
162 2327 336 2424 ἐπιγραφὴν
363 2332 428 2399 τῶν
452 2324 594 2420 Ψαλμῶν
630 2326 678 2400 dc
704 2321 938 2426 Psalmorum
965 2323 1167 2427 inscriptio·

76 2424 196 2501 nibus.
1178 2496 1182 2505 .

180 2560 366 2628 crtum
385 2556 495 2627 Alex.
513 2550 690 2647 Γλαφυρᾶ,
715 2551 741 2624 i.
767 2580 797 2627 e.
824 2553 912 2627 scita
930 2574 966 2628 et
983 2559 1166 2647 elegantia

78 2641 359 2737 Commentario
384 2659 421 2726 in
444 2653 737 2726 Pentateuchum
764 2655 789 2726 s.
815 2657 945 2750 potius
969 2658 1009 2729 in
1035 2650 1167 2735 selecta

105 2757 264 2851 caedam
283 2757 526 2829 Pentateuchi
544 2757 657 2840 loca3¹
682 2755 1041 2849 Commentariorum
1058 2766 1093 2832 iu
1108 2768 1166 2834 Ie·

63 2787 198 2961 iciam
212 2857 300 2930 libri
317 2859 501 2955 quinque,
537 2858 839 2929 Commentarius*
852 2862 888 2929 in
906 2862 989 2930 XlI
1007 2865 1167 2936 minores

76 2958 313 3057 Proplretos;
339 2961 700 3030 Commentariorum
715 2961 753 3029 in
766 2964 949 3031 Ioannem
962 2962 1070 3034 Libb.
1083 2969 1166 3036 XII.

76 3067 136 3137 Ee
159 3062 305 3133 ratione
322 3060 483 3152 cyrillus
506 3060 735 3154 Scripturam
760 3065 793 3133 S.
815 3060 990 3155 exponit,
1022 3081 1064 3133 ut
1087 3090 1168 3138 non

77 3180 160 3235 tam
177 3161 322 3234 sensum
338 3161 540 3232 verborum
559 3178 683 3245 eruat,
721 3185 833 3256 quana
859 3162 1037 3259 dogmata
1063 3164 1168 3237 theo·

75 3263 204 3361 logica
221 3262 381 3358 explicet
404 3285 521 3357 eaque
543 3260 732 3357 speciatim
759 3262 800 3333 in
825 3265 1106 3336 Cornmentoriis
1129 3269 1167 3337 in

77 3368 264 3437 Ioannem
288 3363 371 3433 adv.
394 3363 629 3445 Haereticos,
663 3361 874 3457 praesertim
892 3364 1068 3448 Arianos,
1102 3363 1169 3439 sta·

76 3463 199 3538 biliat.
269 3464 410 3535 Maiori
440 3461 561 3537 studio
594 3463 942 3557 interpretationem
976 3463 1169 3558 mysticam

79 3582 195 3661 atque
211 3566 472 3662 allegoricam,
508 3589 621 3663 quam
636 3563 835 3637 litteralem
852 3565 1041 3638 interdum
1059 3566 1171 3643 lecta·

77 3685 155 3739 tur.
207 3671 364 3764 Ignarus
388 3661 571 3737 sermonis
597 3665 737 3750 ebraei,
771 3665 937 3761 sequitur
967 3664 1168 3753 verliones,

78 3767 244 3840 maxime
268 3770 374 3837 LXX
403 3765 663 3861 interpretum.
732 3769 775 3838 ln
815 3771 1096 3839 Commentariis
1131 3772 1170 3839 in

77 3862 375 3941 Pentateuclrum
391 3868 636 3940 collationem
653 3873 695 3942 V.
712 3891 753 3940 ac
766 3873 813 3939 N.
832 3875 875 3939 T.
898 3867 1094 3967 diligenter
1111 3869 1171 3941 in·

78 3965 202 4043 stituit
227 3992 269 4039 ac
292 3964 532 4040 fundamenti
556 3971 644 4042 loco
665 3969 797 4065 ponit,
834 3975 877 4042 V.
903 3968 949 4042 T.
976 3968 1170 4044 continere

114 4243 144 4310 '9
163 4206 463 4299 narrantium.
482 4258 510 4314 p.
528 4244 589 4299 aot.
818 4307 898 4387 3⁰*
