2542 4724
91 274 169 352 576
406 266 517 347 ua
544 292 580 343 r.
606 274 656 345 Χ.
710 270 745 361 §.
773 270 836 349 99.

91 455 318 569 ecclefi'Cap.
331 454 401 531 93.
417 456 602 530 ridemus.
657 457 788 555 Quum
810 457 1017 579 gravissima
1039 469 1190 545 vexatio

52 574 58 583 '
90 563 268 637 aduersus
293 556 520 631 Christianos
545 560 667 641 fieret,
704 561 838 635 litteus
864 558 1102 663 consrg'navit
1123 596 1192 669 pro

31 722 34 729 .
82 662 414 759 illisApologr'am
431 684 588 754 eamque
605 662 794 746 Adriano,
821 664 980 737 Athenis
998 666 1193 759 hiemanti,

92 766 236 839 obtulit
251 788 283 832 a.
295 763 378 831 Chr.
392 762 476 833 120.
492 763 555 831 vel
566 762 670 844 127„
690 764 753 833 vel
769 767 1135 845 utiIo.Da1.ranus
1152 774 1196 846 do

82 861 235 971 scriptis
250 851 429 963 Dionyſsi
442 863 703 960 Areopagitae
718 864 821 934 Libr.
839 866 872 935 1.
895 870 981 962 Cap.
1002 871 1062 943 13.
1085 898 1123 968 p.
1134 874 1194 949 83.

90 969 314 1062 suspicatur,
342 990 374 1036 a.
396 964 478 1036 123.
533 962 726 1057 Superfuit
745 964 910 1037 defensio
927 969 1106 1044 haeesub
1124 976 1194 1046 ini·

46 1070 190 1141 ¹'tium
215 1073 292 1138 Sec.
316 1071 417 1150 VIL,
452 1090 529 1159 quo
557 1081 732 1159 tempore
756 1068 938 1141 Eusebius
963 1072 1195 1149 Thessaloni·

92 1167 205 1243 oensrs
221 1169 261 1238 in
277 1165 480 1238 refutando
495 1165 643 1237 Andrea
664 1167 830 1259 quodam
848 1170 1032 1265 Quadrati
1048 1174 1194 1272 scriptis

91 1270 180 1343 usus
206 1265 273 1353 est,
302 1265 389 1341 teste
414 1268 1012 1365 P110a1000ct.01.xlt.p.3t3.
1064 1276 1193 1353 Postea

90 1388 387 1445 monumentum
403 1369 479 1439 hoc
497 1368 660 1452 interiit,
677 1393 747 1439 nec
764 1370 969 1465 quidquam
988 1376 1036 1447 de
1052 1403 1112 1464 eo,
1129 1378 1194 1454 nist

89 1472 366 1571 fragmentum,
409 1469 455 1539 ab
481 1473 664 1539 Eusumo
691 1468 791 1539 Libr.
809 1477 869 1541 IV.
900 1466 1041 1570 Hister.
1067 1472 1192 1577 eccles.

92 1581 179 1671 Cap.
198 1574 233 1646 3.
259 1571 524 1643 conservatum
545 1576 657 1664 atque
675 1595 720 1641 ex
742 1597 786 1642 eo
804 1571 849 1643 ab
868 1575 951 1646 aliis
975 1582 1190 1674 repetitum,

90 1675 138 1747 ad
158 1698 231 1746 nos
247 1672 429 1768 pervenit.
448 1667 482 1766 *)

195 1780 448 1857 Antsrmus,
476 1771 542 1868 qui
559 1771 713 1857 eodem,
742 1799 819 1871 quo
839 1776 1073 1871 Quadratus,
1102 1802 1190 1859 tem.

89 1902 184 1974 pore
200 1876 315 1957 vixit,
342 1873 592 1969 philosophus
610 1873 842 1947 Atheniensis
869 1896 906 1947 et
930 1880 988 1949 vir
1011 1885 1189 1981 eloquen.

77 1974 246 2051 -tiffimus
270 1973 347 2045 fuit
370 1993 481 2070 atque
500 1973 737 2071 Apologiom
758 2001 829 2071 pro
856 1976 1072 2056 Christianis
1096 1992 1186 2085 Imp.

89 2076 258 2153 Adriano
280 2076 456 2161 tradidit,
482 2101 586 2147 nttnc
601 2075 732 2147 itidem
754 2078 998 2171 deperditam.
1038 2086 1186 2161 Testam-

90 2199 154 2251 tur
174 2178 219 2251 de
238 2202 279 2249 ea
297 2182 588 2249 H1naonr1uus
610 2176 655 2247 de
673 2178 773 2247 Viris
792 2171 916 2272 illustr.
938 2188 1026 2278 Cap.
1042 2190 1129 2261 XX.
1151 2206 1186 2263 et

88 2286 296 2356 Euseaws
316 2267 643 2373 trbr.1v.1-liseor.
665 2273 784 2378 eccless
803 2278 890 2375 Cap.
909 2281 944 2354 3.
971 2290 1016 2356 In
1037 2312 1080 2359 ea
1099 2291 1186 2365 Dio·

87 2382 184 2476 nysti
216 2379 467 2475 Areopagitae
505 2380 732 2470 martyrium
771 2402 1028 2457 memoratum
1068 2372 1183 2479 fu'iffe,

85 2490 308 2557 Vsuaauus
334 2499 371 2552 et
387 2484 481 2553 Ano
501 2484 544 2552 V
541 2472 714 2580 ieuaeifis
738 2481 907 2555 referunt
929 2485 971 2557 in
987 2492 1184 2591 Martyro-

87 2587 123 2659 lo
156 2588 208 2656 iis.
225 2582 284 2673 **)

124 2611 154 2685 g
188 2692 389 2773 Mauro,
424 2685 490 2783 qui
517 2685 726 2783 Episcopus
756 2687 831 2759 fuit
855 2686 1041 2765 Sardensis
1077 2710 1181 2791 atquo

85 2788 323 2891 ¹Apologium
344 2814 414 2885 pro
436 2785 648 2861 Christianis
674 2788 814 2884 scripsrt
839 2815 998 2887 eamque
1013 2798 1112 2893 Imp.
1126 2798 1178 2867 M.

84 2894 241 2970 Aurelio
252 2891 452 2965 Antonino
472 2889 653 2974 exhibuit,
673 2916 793 2985 quum
814 2892 879 2986 qui
890 2889 1077 2967 Christum
1097 2920 1181 2969 oon·

81 2982 291 3069 'fitebantur
323 2993 491 3063 maxime.
521 3010 758 3065 vexarentur.
813 2998 897 3088 Quo
926 3011 1101 3089 tempore
1123 2994 1178 3070 de·

87 3093 297 3171 sensionem
313 3094 410 3165 hanc
432 3090 647 3185 susceperit,
680 3094 725 3163 de
745 3117 790 3164 eo
813 3092 1032 3165 dissentiunt
1055 3116 1180 3171 aucto·

86 3223 157 3270 res.
209 3197 286 3268 Alii
302 3193 470 3267 referunt
487 3190 593 3263 istam
610 3194 696 3264 ada.
710 3193 793 3265 Chr.
808 3194 890 3267 169.
909 3195 1030 3267 aliiad
1049 3223 1082 3269 a.
1102 3198 1178 3271 177.

81 3306 174 3389 Non
199 3297 413 3369 conservata
435 3320 476 3365 ea
499 3291 548 3365 est
565 3292 793 3389 posteritati,
820 3295 1034 3391 fragmenta
1059 3316 1180 3371 autem

18 3392 33 3399 “
81 3402 272 3490 nonnulla
298 3394 440 3469 exstant
464 3397 564 3491 apud
588 3400 812 3467 Eusantum
840 3394 938 3467 Libr.
956 3402 1018 3468 IV.
1043 3390 1178 3497 Hifior.

85 3492 211 3595 eccles.
230 3506 315 3593 Cap.
336 3498 398 3570 26.
424 3514 461 3567 et
483 3498 523 3566 i'n
545 3492 724 3567 Chronico
751 3491 939 3592 paschali,
968 3498 1079 3593 quod
1094 3498 1178 3573 Ate-

82 3604 310 3677 oeandrimun
326 3599 454 3674 vocari
471 3598 585 3685 solet,
612 3623 650 3694 p.
669 3594 755 3673 259.
773 3598 851 3689 ***)

85 3770 288 3790 ...υ-κ’·-

116 3851 141 3915 ·)
160 3847 182 3901 F
184 3861 319 3901 araretur
337 3840 413 3895 Bihl.
431 3859 482 3913 gr·
499 3840 565 3904 VH,
583 3844 642 3899 154.

114 3920 157 3983 ⁹⁸)
175 3918 362 3969 Fruatoretus
381 3909 457 3965 Jiibl.
475 3928 522 3979 gr.
542 3910 606 3974 VH,
627 3913 684 3967 155.

115 3988 168 4053 n‘)
186 3988 218 4041 C.
238 3984 311 4036 Cra.
333 3982 432 4033 Wuee
452 3979 580 4032 Diserti.
602 3980 637 4032 ll.
656 3978 693 4031 de
714 3976 874 4042 Melitene,
892 3977 1040 4035 Sardium
1059 3978 1093 4035 in
1149 3996 1177 4036 ιι

148 4056 246 4121 Episc.
280 4048 362 4120 tips.
386 4054 452 4107 1744
471 4053 592 4105 et1751.
610 4054 655 4113 4.,
681 4049 734 4123 qui
759 4058 789 4103 et
808 4052 976 4119 fragmenta
994 4052 1088 4107 liuius
1104 4050 1177 4107 Scri·

146 4123 240 4197 pteris
257 4118 387 4189 collegit.
