2542 4724
85 252 183 331 “tae
439 254 601 328 c.-a.·1›.‚
626 260 686 327 vr.
741 228 774 346 §j
799 256 882 326 ra

104 460 236 616 {aaron
274 410 436 537 pravitas
479 441 614 511 dictae·
633 441 848 539 theologiae
882 436 957 513 istis
990 442 1093 513 haud
1128 446 1200 515 tri·

19 588 22 599 ·
132 544 255 617 uenda
278 540 338 615 est.
808 544 814 559 '
1145 544 1150 550 '

123 742 128 747 .
208 679 342 751 Omnia
367 676 476 761 haec,
513 702 606 774 quae
632 702 735 757 nime
759 676 858 750 dicta
883 678 987 765 suut,
1023 679 1199 776 inprimis

106 782 153 855 de
180 786 336 879 Petrum
359 805 487 850 amore
515 804 601 879 erga
624 781 820 851 Platonem
852 766 1006 876 liusque
1028 782 1200 854 Philoso-

131 862 252 966 hiaim,
294 884 468 953 noudum
498 882 680 977 probant,
725 878 979 954 ecclesiasticos
1003 890 1129 955 Patres
1155 886 1228 975 in,

103 910 342 1078 ihilasophis
358 982 529 1067 sectariis,
555 1006 638 1051 non
656 982 849 1066 eclecticis,
872 984 1199 1077 quemadmodum

104 1086 360 1182 appellantur,
395 1083 652 1155 numerandos
678 1081 754 1154 elle.
818 1087 1031 1180 Suppetunt
1062 1086 1196 1181 potius

75 1198 79 1208 '
102 1188 290 1269 rationes,
321 1185 370 1257 ob
388 1196 480 1280 qua's
496 1188 686 1256 Doctores
702 1183 760 1253 illi
779 1185 916 1255 maiori
931 1186 1012 1258 iure
1031 1187 1198 1259 habendi

80 1288 175 1363 lint
196 1286 418 1383 Philosophi
443 1286 627 1369 ocleatini,
670 1310 790 1381 quum
816 1282 873 1355 isti
901 1288 999 1357 nulli
1020 1289 1195 1360 Philoso-

100 1380 268 1487 phorum
290 1390 342 1459 ita
362 1386 501 1458 addicti
519 1386 681 1471 fuerint,
716 1403 761 1455 ut
785 1403 912 1457 totum
936 1388 1014 1459 eius
1038 1385 1195 1480 systema

32 1572 38 1586 ι
100 1492 415 1588 amplecterentur
440 1506 658 1583 ceterosque
683 1512 814 1560 omnes
838 1488 1042 1559 reiicereut.
1097 1495 1195 1562 Sunt

100 1592 263 1676 inillis,
300 1589 366 1685 qui
389 1588 520 1661 diserte
544 1588 793 1685 profitentur,
826 1588 862 1660 se
883 1589 1092 1662 eclecticam
1108 1592 1193 1685 phi·

101 1692 329 1788 losophandi
359 1689 547 1763 rationem
574 1690 742 1785 probare.
809 1692 980 1787 Dignum
1010 1688 1058 1762 est
1089 1698 1190 1765 Gaa-

101 1820 267 1869 maurrs
283 1794 392 1863 Alea.
413 1788 682 1877 testimouium,
709 1796 890 1863 Stromat.
909 1792 992 1863 Lib.
1010 1798 1037 1862 1.
1055 1792 1189 1887 p.338.

100 1897 188 1969 edit.
228 1900 378 1979 Potter,
429 1893 536 1990 quod
573 1888 768 1965 afferatur:
827 1896 1024 1983 Φιλοσοφίαν
1058 1896 1108 1981 δὲ,
1151 1890 1189 1965 air

98 2000 159 2091 rip
180 1996 330 2087 Στωῖκὴν
354 1996 459 2087 λέγω,
494 1992 565 2065 οὐδὲ
585 1997 644 2087 τὴν
662 1996 892 2087 Πλατωνικὴν,
927 1998 1024 2089 iy'riyv
1038 1994 1189 2067 'Ermeri-

97 2098 177 2197 peto'r
193 2128 248 2185 re,
283 2098 336 2169 troi
358 2098 628 2192 'Aprororelrmjw
662 2097 737 2167 ἄλλ’
760 2096 820 2167 ὅσα
843 2098 958 2193 εἴρηται
982 2102 1052 2189 παρ’
1074 2098 1187 2191 ἑκάστη

97 2209 165 2275 τῶν
180 2203 321 2297 ἆιρέσεων
339 2198 464 2271 τούτων
482 2201 613 2284 καλῶς,
640 2198 828 2292 δικαιοσύνην
850 2200 932 2291 μετὰ
953 2200 1100 2285 ἑυσεβοῦς
1112 2200 1188 2271 ‘iar-

51 2334 59 2349 ·
98 2306 216 2397 στήμης
241 2302 479 2384 ἐκδιδάσκονται,
512 2307 611 2374 τοῦτο
637 2299 761 2395 σύμπαν
782 2309 820 2372 τὸ
845 2304 1028 2372 ἐκλεκτνκὸν
1053 2300 1188 2389 Cularo·

97 2414 175 2495 φίαν
196 2410 289 2496 φημί.
329 2396 606 2504 Philosophiam
624 2418 769 2488 autem,
805 2426 879 2473 uon
905 2405 986 2473 cliro
1007 2407 1184 2487 Stoicam,

98 2534 163 2579 aea
188 2507 445 2588 Platonicam,
483 2519 550 2574 aar
572 2508 797 2599 Epicuream
831 2520 866 2575 et
890 2495 1184 2600 Aristotelicamr

88 2602 163 2707 sed
178 2630 427 2703 qaaecumque
451 2604 498 2675 ab
523 2605 577 2674 his
595 2600 700 2703 sectis
719 2620 813 2677 recte
831 2600 1055 2705 dictasunt,
1091 2632 1185 2701 φναν

96 2712 229 2781 elocent
252 2699 427 2803 iustitiam
454 2731 536 2774 cum
557 2709 624 2801 pia
642 2701 813 2804 solertem,
853 2707 922 2778 hoc
952 2720 1075 2779 totum
1091 2702 1181 2807 sele·

96 2827 216 2893 ctam,
250 2810 331 2879 dico
358 2800 644 2903 Philosophiam.
662 2806 698 2896 ⁴¹)
750 2814 807 2878 Ex
822 2808 967 2879 Latinis
985 2808 1084 2879 addo
1108 2814 1182 2879 La·

97 2934 325 2985 oraurrmu
350 2908 433 2978 Lib.
450 2914 528 2978 Vll.
553 2900 712 3004 Institor.
732 2910 887 2979 divinar.
909 2917 996 3003 Cap.
1013 2912 1048 2978 7.
1078 2910 1182 2980 cuius

94 3014 206 3085 verba
231 3010 338 3082 lunt:
375 3011 499 3079 Facile
525 3000 574 3105 est
600 3024 723 3079 autem
749 3012 894 3095 docere,
924 3034 1017 3107 pene
1042 3014 1180 3080 univer·

84 3109 174 3215 sam
187 3115 381 3185 veritatem
399 3137 465 3205 per
479 3103 720 3209 Philosophos
739 3126 774 3181 et
791 3116 919 3182 Sectas
935 3104 1000 3211 effe
1016 3105 1180 3210 divisoria.

94 3220 184 3287 Nou
207 3218 302 3285 euim
322 3205 598 3311 Philosophiam
612 3204 669 3309 fia
691 3238 756 3283 uos
780 3217 993 3295 evertimus,
1021 3226 1063 3280 ut
1080 3216 1181 3287 Aea·

94 3318 224 3395 ‹leraiei
235 3310 373 3413 solent,
409 3312 538 3408 quihus
563 3314 615 3395 ad
635 3317 760 3384 omma
784 3308 1015 3413 respondere,
1044 3338 1181 3409 propo·

86 3412 201 3516 fiturra
216 3406 284 3512 est,
312 3416 411 3510 quod
428 3404 617 3511 estpotius
633 3416 853 3486 calrrrrmiari
867 3431 904 3485 et
920 3416 1090 3485 illudere:
1113 3408 1180 3515 sed

93 3522 284 3599 docemus,
327 3516 469 3585 trullum
491 3518 640 3586 Sectam
662 3510 774 3617 faiffe
804 3532 885 3587 tam
912 3518 1077 3599 deviam,
1119 3540 1181 3587 uer

91 3611 397 3719 Philosophorum
412 3643 635 3711 quartaquam
651 3631 731 3687 taur
748 3623 915 3701 inanem,
951 3622 1012 3711 qm
1036 3640 1113 3685 non
1129 3620 1180 3687 oi·

92 3722 186 3792 ‹la-tr
221 3720 360 3813 aliquid
391 3743 437 3788 ea
465 3742 562 3789 aero.
624 3719 764 3791 Similia
796 3719 950 3790 tradunt
979 3724 1179 3791 Iusrluos

92 3891 324 3909 ..m-m...—

126 3982 151 4047 ·)
170 3977 258 4031 oto.
269 3976 418 4049 Oarauras
435 3976 470 4027 ua
486 3973 595 4045 Philas.
613 3974 760 4043 ecleclica3
777 3977 815 4031 ad
831 3978 972 4031 Sraumu
989 3970 1062 4039 llijr'.
1073 3974 1178 4043 philol}

159 4065 187 4117 p.
203 4052 261 4102 711.
299 4042 370 4109 lille.
387 4044 510 4111 critique
525 4047 559 4097 da
575 4045 795 4109 l'lileelr'citme,
821 4066 861 4104 ou
878 4048 927 4101 des
942 4062 1099 4101 naueatta
1114 4046 1178 4101 Pla·

103 4134 108 4145 ·
155 4114 319 4175 mataras,
349 4115 410 4171 l’or.
428 4118 503 4172 1566.
521 4114 556 4172 ll.
577 4120 617 4173 lz’.
