2542 4724
78 191 198 331 Ι688
273 324 277 331 ,
434 190 717 320 ctam
761 246 912 333 §.128³

198 436 267 529 Ι6)
301 426 663 533 αᾶῈίεέηωβωαε,
704 432 916 531 inquibus
946 436 1157 519 laudandis
1194 470 1236 523 aa

122 536 435 617 commendandis
464 542 592 609 Patres
607 560 906 633 nonnumquam
927 538 1047 614 nimii
1062 542 1155 618 sunt
1170 547 1235 623 iis·

55 694 66 719 a
97 651 101 665 '
122 670 197 741 qua
213 628 294 714 vini
318 638 444 709 meriti
462 638 629 709 tribuere
645 638 836 710 videntur.
889 642 1073 717 Videmua
1091 648 1173 721 hoc
1191 678 1236 724 ex

122 754 342 818 Cranmuo
368 740 526 832 eiusque
550 740 650 811 libro
683 739 728 810 de
754 744 876 836 Opere
900 757 937 813 et
963 744 1233 850 Eleemosynis‚

121 848 261 942 aliique
277 840 410 911 itidem
428 840 525 910 iliud
542 838 733 923 testantur,
756 843 805 911 ad
822 838 932 915 effata
950 863 1076 918 tamen
1094 876 1233 927 eorum

82 1020 85 1029 ,
118 943 681 1035 mitioreminterpretationem
705 941 956 1017 adhibendam
982 948 1064 1033 elle,
1096 950 1232 1049 siquis

121 1047 303 1121 affirmare
327 1044 439 1127 velit,
474 1066 553 1113 non
578 1046 691 1138 plane
721 1047 753 1115 ei
784 1049 1096 1145 repugnabimus.
1162 1063 1233 1130 Per

118 1152 228 1249 pium
248 1170 382 1218 eorum
397 1141 586 1216 fervorem
604 1164 641 1216 et
658 1145 764 1240 quod
780 1146 1025 1220 abuterentur
1042 1154 1231 1250 eloquen-

119 1254 184 1334 tia,
211 1248 291 1321 lieri
306 1244 499 1319 interdum
515 1247 656 1349 patuit,
684 1265 727 1318 ut
743 1249 879 1321 melius
896 1250 1089 1341 sentirent,
1110 1282 1229 1352 quam

118 1345 380 1447 loquerentur.
497 1386 502 1397 ·
1172 1356 1179 1365 '

192 1478 235 1567 7)
262 1474 507 1570 adSupplicia
518 1472 709 1567 capitalia,
722 1474 1017 1575 quaeimprobat
1029 1482 1227 1561 Lacrin-

120 1602 216 1652 'rma
248 1566 687 1670 Libr.VI.1nstitation.
715 1577 870 1650 divinar.
900 1586 987 1676 Cap.
1008 1584 1072 1655 ΩΟ.
1100 1590 1225 1662 verbis

117 1682 197 1751 his:
233 1682 322 1749 Non
340 1680 454 1761 enim,
483 1700 596 1771 quiem
613 1678 776 1748 occidere
797 1684 901 1751 Deus
916 1698 1042 1769 vetat,
1071 1686 1225 1761 latroci-

117 1784 202 1869 nari
217 1804 285 1850 nos
302 1791 451 1847 tautum
468 1775 657 1873 prohibet,
685 1781 786 1872 quod
801 1805 847 1850 ne
870 1808 939 1876 per
954 1785 1056 1881 leges
1073 1792 1224 1881 quidem

116 1880 283 1981 publicas
300 1882 403 1955 licet.
429 1873 492 1978 [ed
518 1903 560 1948 ea
577 1902 721 1973 quoque
738 1876 783 1951 ne
799 1878 922 1981 flaret,
947 1903 1098 1976 mouet,
1129 1918 1225 1989 qaaere

117 1984 222 2082 apud
238 1981 403 2053 homines
427 2004 497 2077 pro
523 1981 628 2049 licitis
653 1979 845 2054 habentur.
898 1990 962 2055 Ita
987 2014 1109 2085 neque
1128 1998 1222 2066 ruili-

117 2098 199 2157 tare
217 2075 310 2181 iusto
331 2080 469 2167 licebit,
497 2084 597 2152 catius
613 2083 747 2151 militia
765 2098 802 2153 et
818 2077 896 2184 ipsa
916 2077 1074 2179 iustitia,
1105 2120 1222 2192 neque

114 2208 203 2258 vero
221 2178 392 2285 accusare
411 2208 635 2278 qtternqumu
657 2187 806 2255 erimine
823 2191 988 2281 capitali,
1019 2196 1111 2287 qaaia
1132 2199 1222 2269 nihil

115 2288 249 2373 ditae,
292 2290 466 2356 utrumne
497 2282 628 2367 verba,
674 2312 724 2354 au
756 2285 861 2382 ferro
890 2296 1017 2383 potius
1055 2301 1218 2384 occidas,

114 2392 293 2486 quoniam
310 2380 437 2487 occiſso
463 2382 540 2486 ipsa
557 2384 783 2480 prohibetur.
836 2396 971 2485 Itaque
992 2397 1030 2462 in
1054 2395 1129 2468 ltoc
1145 2405 1220 2473 Dei

112 2503 313 2588 praecepto
338 2490 482 2558 nullam
505 2481 654 2583 prorsus
674 2494 925 2584 exceptionem
938 2489 1034 2591 fieri
1052 2518 1216 2593 oportet,

139 2596 200 2662 uia
218 2592 380 2663 occidere
399 2589 584 2661 hominem
600 2581 655 2679 fit
663 2584 814 2690 semper
830 2585 952 2685 nesae,
981 2622 1094 2691 quem
1114 2608 1218 2677 Deus

106 2616 280 2797 latueram
308 2693 452 2762 arzimal
473 2684 538 2790 effe
563 2692 692 2763 voluit.
752 2700 941 2775 Necnon
962 2701 1214 2779 Amenanus

110 2787 226 2893 epist.
250 2799 294 2865 a.
315 2796 365 2865 V.
389 2796 460 2889 ap.
481 2794 541 2866 51.
555 2790 593 2882 r)

214 2928 256 3019 8)
284 2926 331 3000 ad
356 2927 520 2999 clorninia
546 2930 762 3025 impiorum,
800 2955 876 3027 quo
905 2930 1047 3027 spectat
1074 2938 1214 3015 Aaou.

116 3055 233 3108 s'rlttt
252 3030 432 3102 sententia
459 3031 558 3125 (Epi
574 3045 598 3101 t.
620 3030 703 3105 153.
727 3036 890 3128 Operam
908 3036 997 3105 edit.
1016 3044 1211 3117 Benedict.

107 3142 156 3222 11,
167 3131 284 3223 405),
307 3156 370 3205 eos
388 3131 490 3203 bona
507 3132 619 3201 sectili
637 3159 713 3203 uon
731 3130 822 3205 iuste
839 3132 1033 3227 poilidere,
1057 3144 1126 3237 qui
1138 3145 1210 3217 illis

107 3264 189 3311 non
207 3237 300 3307 bene
318 3252 484 3304 utantur.
537 3232 580 3303 Id
606 3234 846 3329 quodquam
865 3238 909 3307 ab
926 3234 1120 3334 improbis
1138 3244 1209 3331 fiat,

106 3341 194 3412 illos
212 3337 323 3409 bonis
345 3336 458 3407 seculi
474 3358 554 3405 uon
573 3334 666 3406 bene
684 3337 751 3419 uti,
771 3336 936 3432 sequitur
953 3366 1000 3411 ex
1017 3346 1206 3443 principio

106 3442 185 3515 hoc
208 3455 346 3533 aperte,
373 3439 493 3509 malos
517 3437 693 3507 homiues
714 3436 812 3507 bona
834 3438 895 3509 sua
912 3464 995 3511 nou
1013 3442 1112 3518 iuste
1128 3448 1207 3543 pos·

105 3540 220 3615 fidere
242 3541 439 3636 legemque
463 3534 660 3633 postulare,
688 3559 731 3609 ut
755 3541 966 3639 alougiore
983 3544 1203 3638 pollessioue
1259 3578 1263 3583 ·

106 3641 324 3717 abstineant.
380 3639 568 3712 Sententia
600 3640 691 3717 haec
718 3666 799 3711 nou
830 3643 955 3714 [olum
989 3647 1030 3716 in
1055 3648 1094 3721 se
1121 3650 1201 3723 salla

106 3742 177 3830 est,
205 3744 267 3814 sed
285 3744 397 3814 etiarn
417 3742 651 3824 turbulenta,
679 3740 754 3812 five
771 3744 822 3813 ita
840 3767 1074 3839 comparata,
1102 3772 1145 3823 ut
1160 3750 1200 3821 ad

104 3847 418 3943 tranquillitatem
452 3844 643 3940 publicam
677 3844 901 3917 turbandam
935 3849 1039 3919 viani
1080 3876 1198 3947 parare

104 4016 316 4035 μ*-

138 4109 166 4176 ΙΙ)
183 4104 333 4161 Seianam
355 4097 457 4172 Geselr.
475 4100 505 4159 d.
524 4098 643 4159 Sillani.
659 4098 731 4171 Iesu
749 4099 800 4169 111,
816 4104 859 4159 67.
922 4160 925 4167 ,
