2542 4724
391 283 472 351 ct
500 302 536 351 ι».
570 222 683 349 ann¹
726 273 761 365 t.
780 276 924 351 119:
1039 338 1047 355 .
1101 280 1176 362 ott

82 480 221 543 menta
260 462 381 537 etiam
416 462 629 559 utriusque
665 458 872 537 doctrinae
895 458 1052 564 scripta
1082 466 1178 543 reli·

84 579 272 667 querunt.

545 670 581 757 t·
634 665 719 740 119.

165 846 170 861 ¹
187 833 434 923 Methodus,
464 858 541 931 qua
556 830 691 907 Patres
709 833 753 907 in
771 830 1017 935 expolitione
1035 830 1176 925 rerunt¹
1206 880 1210 889 ¹

82 939 302 1013 moralium
324 950 515 1023 utuntur,
543 934 656 1007 varia
679 933 743 1007 est.
798 938 877 1011 Alii
902 964 967 1026 ea,
997 965 1097 1037 quae
1123 942 1176 1023 ad

82 1062 221 1115 mores
244 1036 459 1111 hominurn
475 1032 671 1133 spectant,
701 1036 832 1110 oblata
853 1038 1081 1135 occasione,
1107 1046 1176 1119 alii

83 1138 276 1255 fittgulari
307 1135 437 1211 studio
472 1150 589 1232 atque
623 1160 672 1208 ex
705 1136 884 1211 instituto
948 1157 1174 1223 ertractant.

84 1228 169 1343 Qut
190 1239 337 1339 prioris
368 1235 526 1335 generis
554 1230 666 1324 sunt,
703 1262 846 1311 eorum
866 1167 1008 1313 inlem
1031 1242 1177 1337 discre2

83 1341 221 1442 pontia
246 1337 301 1411 est
329 1364 371 1410 ac
396 1335 422 1412 st
448 1336 497 1411 atl
522 1335 721 1427 niodum,
750 1364 830 1437 quo
857 1342 1025 1439 moralia
1056 1370 1175 1445 ³1ng:-
1236 1357 1243 1368 '

82 1456 221 1515 menta
246 1438 528 1537 explanarunt,
562 1434 1177 1537 respiciamus,jconnncntatio

83 1567 158 1617 nes
174 1538 343 1615 istorum
361 1540 402 1611 in
423 1554 594 1635 quatuor
614 1536 759 1616 Claiies
779 1538 908 1615 dividi
926 1541 1097 1641 pellunt.
1164 1630 1175 1643 .

185 1679 245 1753 Ad
263 1682 425 1774 primam
446 1666 604 1774 Clnffem
618 1677 747 1749 referri
765 1678 918 1775 pellunt
935 1681 1172 1759 Commentaa

85 1785 204 1853 tiortes
227 1805 361 1851 eornnr
385 1778 633 1863 liornileticoe,
660 1780 712 1851 ita
737 1782 965 1876 conscriptae
984 1808 1026 1854 ac
1042 1788 1176 1858 recitass
1243 1856 1250 1873 ,

84 1900 165 1965 tae,
194 1900 236 1953 ut
265 1882 328 1951 vel
351 1879 428 1973 ipsa
456 1904 584 1951 earum
610 1902 828 1977 argumenta
854 1881 926 1953 stat
949 1888 1105 1957 moralia
1131 1902 1176 1969 ao]

83 2009 189 2055 nunc
205 1983 251 2055 de
266 1981 490 2063 Virtutibus,
515 2006 619 2051 nunc
635 1982 815 2063 devitiis,
847 2008 951 2058 nunc
971 1985 1016 2057 de
1035 1982 1173 2063 officiis

85 2110 132 2161 ex
159 2085 278 2163 ethica
311 2108 354 2153 ac
392 2083 683 2177 inrisprudentia
719 2081 910 2155 christiana
947 2108 1175 2181 exponatur:

85 2188 267 2280 Exempla
300 2182 411 2254 nobis
437 2186 606 2277 praebet:
647 2188 883 2271 Omanae,
911 2192 1174 2267 Eanaaearus

84 2290 215 2382 Syrus,
244 2294 437 2355 Bastercs
455 2291 638 2383 Magnus,
666 2290 908 2360 Gneconros
925 2282 1045 2387 Nyff..
1067 2298 1174 2365 Gne·

88 2412 240 2461 contus
262 2389 455 2469 Nazinaz,
473 2393 707 2467 Mamertus,
725 2393 1075 2475 Cnnrsosronws,
1105 2400 1175 2465 Cr·

86 2514 239 2563 arctes
257 2490 379 2572 Alere,
408 2492 602 2558 Basrctcs
622 2480 850 2584 Selettcieafis
868 2509 978 2585 atque
994 2493 1071 2575 alii,
1094 2496 1176 2588 qni.

85 2594 158 2663 bus
179 2614 225 2662 ex
248 2590 374 2659 latinis
402 2588 489 2657 addi
514 2586 682 2684 polluat:
717 2592 1011 2676 Aecasrraos,
1040 2600 1176 2667 Maxi·

85 2716 187 2773 mus,
213 2684 657 2787 Pe‘1·nesLhrysologtts,
680 2695 767 2760 Leo
787 2694 966 2791 Magnus.
1018 2700 1075 2767 Dc
1091 2698 1176 2767 retis

85 2793 171 2889 qais
191 2811 367 2862 tacemus.
421 2794 478 2860 Ad
499 2784 863 2890 Classemsecmttlam
881 2793 1090 2869 referendas
1108 2796 1180 2873 effe·

85 2890 338 2967 existimamus
367 2891 704 2963 Commentatioaes
728 2898 955 2989 exegeticus,
991 2895 1064 2968 five
1089 2892 1177 2973 istae

87 2996 136 3067 ad
151 2995 341 3091 integrum
358 2994 509 3076 librum,
527 2991 599 3064 ssve
617 2994 663 3063 ad
678 2990 875 3091 singularia
901 2993 1008 3067 effata
1027 3000 1176 3074 Codicis

85 3095 177 3171 sacri
204 3096 389 3190 spectent,
418 3095 467 3163 ita
490 3092 697 3178 institutae,
727 3112 769 3165 nt
785 3096 1005 3192 interpretes
1021 3126 1100 3171 non
1116 3100 1175 3173 so·

85 3202 166 3269 lum
186 3197 261 3291 ipsa
279 3198 375 3266 dicta
397 3192 523 3265 <lirina
544 3196 844 3291 explanaverint,
873 3196 934 3269 sed
953 3197 1060 3269 stmul
1079 3226 1175 3295 qno·

86 3324 161 3395 qne
176 3294 477 3379 monstraverint,
505 3298 701 3390 qnontodo
720 3297 783 3367 illa
802 3298 846 3366 ad
867 3290 1058 3372 sanctioris
1075 3304 1174 3375 vitae

84 3398 204 3473 ssudia
221 3398 303 3469 'lint
327 3398 546 3468 adhibenda.
607 3400 761 3469 Accedit
786 3390 912 3495 Claffis
935 3406 1045 3471 tertia
1069 3405 1174 3477 haec·

86 3526 161 3597 qne
177 3502 442 3595 complectitur
462 3502 799 3570 Ceramentntiones
818 3500 1066 3599 aegnimate,
1085 3530 1175 3598 qna·

85 3628 174 3673 runt
198 3628 238 3672 ea
264 3598 312 3672 est
331 3604 447 3685 ratio,
477 3620 520 3672 nt
537 3621 681 3695 praeter
697 3602 885 3699 dogmatis
903 3604 1177 3698 expolitionem

77 3702 333 3801 ·digreslioncs
360 3706 519 3774 morales
544 3703 761 3786 exhibeant,
795 3728 836 3775 ac
860 3704 1018 3801 denique
1049 3698 1176 3803 Claffis

87 3828 243 3901 quoqne
261 3820 410 3897 qnmta,
439 3808 804 3875 Commentationum
828 3806 967 3901 qnippe
989 3798 1177 3902 historica·

58 3978 65 3987 ,
86 3930 182 3987 rum,
204 3906 340 3999 qnibns
361 3907 528 4000 exempla
545 3910 766 3975 Sanctorum
786 3907 830 3975 ad
846 3907 1073 3978 inritandam
1091 3928 1182 3982 anto

87 4007 222 4079 oculos
249 4006 366 4103 polita
384 4007 481 4077 iant.
536 4005 745 4079 Methodns
761 4008 851 4077 lraec
870 4008 1176 4105 paradigmatice,

61 4109 245 4199 ,moralia
271 4108 460 4193 tradendi,
487 4108 532 4179 eb
552 4107 599 4180 iis
615 4108 781 4179 adhibita
805 4102 875 4197 est,
903 4110 969 4204 qui
988 4112 1083 4183 vitas
1101 4138 1176 4187 res·
