2542 4724
282 248 585 369 “craia
637 283 781 382 troo.
852 270 878 289 “
1028 294 1106 381 5⁷9

108 476 170 553 Ad
185 472 394 574 apologias
412 475 480 546 has
498 474 621 546 sudem
641 469 814 560 afferunt,
840 476 907 573 qui
923 473 974 549 sin
1030 480 1101 554 lari

53 579 131 653 adio
158 579 205 651 de
223 579 430 651 Gentilium
457 577 656 647 calumniis
683 576 857 650 adversus
876 504 1101 656 chrithbnoa
1163 604 1165 609 '

55 705 216 776 rumque
235 678 458 776 religionem
486 677 731 749 commentati
754 677 841 748 sunt
856 703 899 750 ac
922 682 1022 752 varia
1043 707 1102 756 ea·

53 808 93 854 m
115 804 254 882 genera
279 794 506 851 enarrarunt.
558 778 732 871 Princeps
758 779 799 849 in
824 780 900 853 illis
928 777 977 851 est
993 786 1098 856 Cata.

53 903 277 963 carnola,
306 881 427 973 quiin
445 895 667 975 argumento
686 878 760 950 hoc
783 899 953 952 accurate
977 887 1101 981 expla-

53 985 135 1056 ndo
171 976 444 1080 diligentissime
475 978 639 1051 versatus
671 975 731 1049 est.
791 981 959 1053 Primum
986 986 1103 1057 edidit

53 1097 234 1156 *actatum
250 1083 294 1152 de
312 1082 501 1151 cohonniis
519 1083 774 1177 Paganorum,
790 1085 827 1149 in
842 1097 979 1153 veteres
998 1085 1101 1157 Chri·

53 1206 143 1257 anos
159 1172 318 1284 sparsis,
347 1184 473 1252 Kilon.
497 1180 606 1253 1666.
634 1179 682 1263 4.,
712 1180 848 1253 deinde
864 1184 984 1256 alium'
1006 1188 1102 1256 Tra·

53 1302 152 1357 atum
169 1286 214 1355 de
234 1287 377 1381 origine
401 1297 436 1354 et
462 1295 600 1351 nntrtra
621 1272 885 1378 Christianismi
910 1308 956 1355 ex
981 1302 1103 1358 triente

53 1387 213 1459 rutilium
234 1383 340 1456 1672.
358 1381 393 1454 4.
421 1401 458 1453 et
482 1401 566 1452 tum
592 1381 744 1452 Libram
764 1384 809 1453 de
828 1387 971 1461 vitaer
992 1391 1103 1457 mori·

53 1510 77 1558 :s
93 1476 306 1581 Christianis
320 1487 516 1579 primaevis
532 1505 599 1577 per
613 1483 812 1553 Gentilium
829 1484 1015 1581 vitalitium
1033 1488 1102 1558 od·

53 1592 125 1673 tis,
162 1586 270 1659 1683.
297 1584 333 1656 li.
395 1591 475 1655 Hae
510 1603 581 1654 tres
610 1585 973 1670 Comntentationes‚
1007 1613 1111 1683 qnae,

53 1688 204 1785 paratim
238 1687 278 1757 in
308 1687 431 1755 lucem
459 1686 695 1779 prodierant,
729 1682 853 1780 postea
880 1690 1103 1761 coniunctae

53 1807 114 1873 nt,
141 1807 185 1859 ut
199 1812 321 1858 unum
343 1782 610 1856 constituerent
628 1810 742 1881 opus,
770 1786 838 1857 hac
858 1787 1102 1886 inscriptione

53 1907 189 1962 netum
208 1913 249 1959 ac
266 1888 358 1957 iuris
377 1887 517 1981 publici
537 1885 698 1957 facturn:
717 1889 898 1985 Pergamis
917 1888 1102 1963 obtrecta-

53 2018 71 2062 r
84 1984 120 2092 s
142 1991 188 2060 de
216 1989 409 2081 caiunnriis
427 1987 626 2058 Gentilium
651 1990 687 2056 in
712 2002 850 2059 veteres
875 1978 1103 2082 Cimfiionos

53 2088 114 2163 ibri
139 2105 233 2177 tres,
258 2091 386 2161 Kilon.
416 2087 588 2161 169114.
652 2086 769 2158 Libro
792 2092 913 2183 primo
945 2093 1103 2187 exponit

53 2211 156 2265 actor
180 2191 225 2263 de
250 2193 393 2286 origine
415 2202 450 2258 et
476 2192 615 2259 natura
634 2178 897 2279 Christianismi
918 2215 966 2261 επ
986 2196 1103 2289 impio
1203 2269 1207 2285 ,

53 2294 267 2367 :villantiam
296 2289 540 2361 Ethnicorum
564 2284 751 2389 sententia
788 2309 900 2385 atque
932 2290 1103 2381 ediderit,

53 2392 210 2467 comodo
227 2409 356 2491 gentes
375 2388 555 2485 profanae
573 2391 749 2489 religioni
766 2387 980 2464 christianae
1001 2393 1105 2465 obic-

53 2496 152 2578 rint‚
179 2492 284 2590 quod
304 2488 349 2565 stt
369 2516 470 2562 nova
488 2490 641 2586 eiusque
657 2490 826 2563 doctrina
843 2517 889 2564 ex
902 2498 1105 2568 Poetarum

53 2596 156 2671 cunis
189 2594 360 2688 scitisque
382 2591 721 2687 Philosophorum,
753 2592 844 2663 item
877 2618 923 2665 ex
947 2594 1106 2667 Iudaeo·

53 2724 98 2771 an
121 2684 326 2792 praeceptis
348 2690 495 2779 hausta-3
521 2692 626 2788 quod
643 2689 836 2763 Christiani
862 2692 1038 2769 diversas
1052 2695 1105 2768 se·

53 2796 278 2871 rehabeant
314 2815 523 2889 eorumque
554 2792 689 2893 religio
721 2793 945 2887 reipublicae
976 2796 1106 2870 minus

53 2916 113 2973 cte
137 2895 324 2978 consulat3
352 2895 457 2990 quod
480 2900 666 2966 Doctores
690 2893 846 2967 illorum
870 2895 1026 2968 barbaro
1053 2915 1108 2969 at·

53 3024 89 3073 re
112 2998 258 3070 inculto
286 2996 467 3066 scribendi
489 3020 628 3093 genere.
639 3012 812 3080 utantur,
837 3013 944 3067 ceter.
995 2998 1109 3070 Liber

53 3100 186 3172 eandm
203 3114 337 3169 tractat
357 3092 400 3167 de
418 3097 529 3165 Castu
547 3110 712 3168 ceterum
731 3086 1022 3188 Christianorum
1034 3116 1105 3194 'pu-

53 3206 122 3287 ico,
152 3198 326 3270 Gentium
340 3198 597 3267 anasedicent'ia
600 3191 786 3297 sugillato
803 3216 913 3293 atque
931 3194 1106 3287 ostendit,

53 3302 121 3376 rod
143 3298 419 3394 antiquioribus
443 3292 655 3369 christianae
677 3295 915 3393 professionis
938 3296 1104 3369 homini·

53 3428 87 3479 rs
109 3401 288 3475 attributa
313 3397 426 3468 fuerit
451 3384 663 3481 Onoiatria,
690 3399 946 3483 Uranolatria,
972 3400 1105 3473 Helio·

52 3504 143 3589 tria,
170 3499 455 3582 Aedoeolatria,
497 3498 805 3595 Serapidolatria,
848 3501 1104 3587 Staurolatria,

53 3598 279 3684 bristolatria,
305 3599 600 3692 Martyrolatria,
627 3598 811 3695 simulque
827 3602 904 3697 agit
924 3599 969 3671 dc
985 3601 1105 3674 Sacris

53 3701 306 3779 hristianorum
322 3702 463 3772 arcanis
483 3719 595 3792 atque
612 3700 657 3772 de
671 3701 866 3772 Atheisrno
882 3701 957 3773 illis
971 3702 1106 3774 itidem

53 3806 179 3879 ›iecto.
239 3802 392 3874 Accedit
415 3801 509 3872 liber
536 3805 664 3872 tertius
691 3802 736 3872 de
762 3804 843 3871 vita
873 3816 909 3872 et
942 3800 1105 3873 moribus

53 3900 217 4007 istorum
235 3892 525 3994 Christianorum
542 3896 723 3998 transitiose
746 3930 769 3972 o
794 3899 997 3973 Gentilibus
1015 3926 1105 3973 exa·

53 4009 168 4092 itatis,
204 4020 316 4099 atque
347 4019 491 4074 enarrat
522 4000 686 4073 nefanda
720 4003 894 4088 crimina,
938 4027 1105 4098 quorum

53 4104 212 4183 hristiani
235 4104 390 4179 fuerunt
415 4102 592 4189 accusati,
620 4103 836 4177 cuiusmodi
861 4103 946 4176 sunt
961 4103 1105 4205 Magia,

718 4207 801 4275 37*
