2542 4724
362 268 397 347 C
424 290 451 343 a
478 290 514 343 r.
549 274 597 342 X.
649 236 776 358 §.aa
799 268 862 345 99.
1111 262 1188 345 575

83 461 316 537 divinatione
341 462 605 543 Daemonurn,
645 478 734 530 cum
765 454 878 531 variis
903 448 1188 558 pnoqfiionibns

80 563 292 658 multisque
308 551 493 658 Epistolisz

187 693 506 769 Commeatum,
529 687 668 769 Poetae
690 678 896 770 christiani,
923 676 1186 783 Instructioncs

83 790 174 863 adv.
198 791 369 887 gentium
393 791 518 869 Deos,
558 806 629 881 pro
658 775 855 881 christiano
885 784 1097 886 disciplina,
1129 793 1184 875 ira

82 892 261 985 scriptae,
288 908 333 959 ut
348 885 513 983 fingulae
530 911 596 981 per
611 883 754 958 litteras
768 886 944 959 versuum
960 888 1100 984 primas
1113 917 1185 965 vo·

83 993 264 1067 eubulum
289 989 445 1084 aliquod
467 985 649 1069 reserant3
675 987 803 1058 versus
820 1007 946 1087 autem
962 991 1014 1061 ita
1034 1018 1185 1088 compa-

72 1095 158 1167 ·rati
174 1094 278 1178 sunt,
306 1108 349 1161 ut
367 1114 547 1160 numerus
566 1089 771 1159 hexametri
794 1091 969 1163 carminis
992 1112 1187 1191 utcunque

83 1195 273 1279 servetur,
300 1194 471 1290 neglecta
493 1190 719 1282 syllabarum
738 1191 958 1285 quantitate.

189 1326 349 1391 Panum
368 1321 515 1388 Onosu
536 1315 647 1386 Libb.
663 1321 731 1386 VII
748 1306 1012 1412 Hifio'riermn,
1040 1344 1125 1392 eum
1141 1320 1185 1395 ir't

85 1421 203 1497 finem
230 1420 374 1513 scripti,
402 1436 445 1489 nt
462 1418 688 1488 calumniam
706 1440 872 1514 paganae
889 1420 1010 1514 gentis
1031 1424 1185 1517 repelle·

84 1540 164 1606 ret,
190 1518 384 1594 christiana
404 1519 501 1589 sacra
519 1516 587 1591 esse
605 1516 774 1601 caussam,
802 1544 867 1589 cnr
885 1538 1055 1616 tempora
1073 1520 1187 1596 essent

83 1620 202 1697 tristia
223 1647 266 1696 ao
282 1639 342 1692 tot
358 1639 557 1714 tantaeque
572 1619 739 1691 miseriae
761 1620 936 1693 homines
950 1620 1184 1721 affligerent.

187 1751 371 1821 Aunaru
389 1753 636 1817 Pannanru
654 1750 925 1832 Caumunrts,
959 1748 1111 1822 celebris
1127 1748 1186 1822 in·

83 1870 145 1925 ter
165 1847 391 1923 Christianos
421 1848 579 1931 Poetae,
629 1846 739 1918 Libb.
758 1852 794 1916 ΙΙ
818 1849 904 1918 erlo.
935 1852 982 1952 ρ.
1008 1854 1189 1950 Synarna·

86 1952 219 2037 cltum,
252 1950 410 2047 quibua,
446 1948 538 2018 dum
564 1948 779 2038 Symmachi
803 1949 1028 2022 relationem
1050 1952 1096 2022 ad
1116 1958 1187 2025 Va·

84 2053 339 2128 lentinianum
356 2056 402 2123 II.
425 2056 521 2144 Imp.
544 2074 616 2144 pro
643 2075 712 2119 arn
739 2053 781 2118 V
779 2052 932 2121 icterica
940 2103 950 2135 ,
988 2077 1060 2147 qua
1081 2059 1186 2147 Deo.

85 2180 175 2228 rum
200 2154 345 2225 cultum
371 2148 653 2223 instaurandum
677 2150 872 2235 suadebat,
898 2150 1057 2237 refellit,
1086 2152 1189 2225 caus.

85 2256 167 2329 sam
195 2252 304 2327 fimul
332 2250 547 2327 christianae
578 2251 775 2350 religionis
799 2252 976 2327 adversus
1000 2255 1188 2331 Ethnicoo

84 2373 227 2431 tuetur.

559 2482 595 2571 §.
647 2477 712 2555 99.

191 2654 305 2753 Quae
325 2647 407 2723 iam
431 2645 730 2736 enarravimus,
759 2644 904 2749 scripta
926 2652 1091 2724 Parrum
1113 2652 1191 2726 Ec-

87 2746 229 2833 clesiae
246 2775 323 2869 pro
340 2748 510 2823 veritate
536 2772 582 2823 ac
601 2746 740 2821 divina
766 2748 1001 2823 auctoritate
1022 2751 1192 2851 religio·

85 2854 154 2931 uia
173 2848 421 2941 chrtstianae,
433 2873 479 2922 ea
495 2848 543 2923 ab
559 2847 730 2923 interitu
746 2847 836 2924 sunt
851 2848 1054 2924 vindicata
1070 2866 1190 2951 atqua

88 2952 143 3033 ad
164 2978 241 3029 nos
260 2950 401 3026 delata.
455 2953 638 3025 Fuerunt
663 2949 749 3040 alii,
778 2951 849 3050 qui
871 2975 1037 3051 operam
1057 2952 1103 3027 in
1119 2978 1191 3029 eo·

88 3054 185 3133 dem
209 3067 448 3153 argumento
475 3048 725 3151 explanando
748 3067 951 3154 ponerent
976 3067 1093 3151 atque
1124 3048 1192 3127 iti·

87 3154 185 3233 dem
195 3153 413 3257 Apologias
429 3178 505 3251 pro
524 3149 759 3229 Christianis'
776 3150 1015 3243 scriberent3
1041 3179 1192 3229 monu-

84 3272 227 3335 menta
259 3269 393 3328 autem
423 3251 525 3353 ipsa,
558 3250 754 3327 industria
785 3278 929 3327 eorum
956 3254 1189 3356 composita,

87 3354 142 3432 a'd
155 3356 366 3431 interitum
380 3368 678 3455 pervenerunt,
704 3378 781 3429 nec
797 3353 919 3442 aliud,
943 3352 1018 3429 nist
1032 3380 1192 3431 memo-

87 3457 224 3535 moria
245 3456 412 3531 illorum
430 3480 524 3529 cum
540 3454 787 3553 'quibusdam
801 3451 1063 3556 fragmentis,
1092 3481 1190 3534 con·

85 3554 291 3635 servatum
313 3554 380 3631 est.
407 3612 418 3647 .,
432 3559 535 3633 Sunt
553 3554 637 3632 isti:

192 3690 467 3785 Quanaarus,
510 3682 577 3781 qui
609 3682 747 3758 dieitur
772 3684 817 3757 ab
839 3689 1107 3761 Htuaonrruo
1141 3685 1189 3761 da

87 3788 146 3863 V
132 3789 196 3861 rtis
204 3777 399 3883 illustribus
409 3791 606 3881 eapxtx.
618 3804 655 3860 et
669 3792 852 3861 Eusaaro
864 3787 1031 3859 Chronic·
1049 3813 1087 3885 p.
1101 3787 1187 3861 167.

87 3878 356 3987 Apostolorum
387 3881 591 3987 discipulus.
649 3884 735 3960 Post
766 3889 945 3963 Publium
974 3894 1189 3983 Martyrem

85 3982 327 4065 Atheniensis
366 3986 444 4060 suit
467 3989 695 4086 Episcopus,
728 3990 834 4086 quod
864 4016 937 4063 nos
976 3990 1108 4063 itidem
1141 4015 1189 4063 ex

85 4096 358 4169 Hraaonrtuo
382 4092 408 4165 l.
432 4090 459 4165 l
487 4106 600 4189 atque
624 4094 807 4167 Ensarto
842 4090 943 4165 Libr.
960 4096 1021 4166 IV.
1046 4082 1187 4190 Hister.
