2542 4724
88 295 165 372 260
225 344 228 353 ,
421 290 673 369 ΟΜΝ.
732 291 876 383 §.42-

35 466 38 473 ¹
94 478 345 559 admiratione
363 477 586 581 dignissimi,
622 479 790 577 Scriptor
811 502 939 552 recens
966 497 1004 550 et
1024 503 1196 575 nuperus

91 611 163 685 pro
183 585 350 681 quodam
367 578 695 654 vetustiffim‘crum
713 600 932 654 auctorum:
960 599 997 652 et
1013 581 1196 676 quemad·

17 740 19 747 -
93 688 256 760 modum
282 681 416 756 decisio
444 683 674 755 diversarum
698 710 825 756 rerum
838 724 865 769 ,·
885 684 947 755 vel
966 683 1196 768 doctrinam,

19 796 25 827 ·'
92 791 154 861 vel
176 787 413 882 disciplinam
439 785 685 856 attinentium
711 811 730 856 a
756 782 979 883 testimoniis
1005 783 1113 881 saepe
1130 784 1197 855 de-

93 890 256 987 pendet,
291 888 450 982 turpiter
471 886 619 982 quisse
644 887 803 982 decipit,
839 886 905 983 qui
921 885 1095 957 fallacem
1111 887 1199 958 viae

96 991 296 1063 ductorem
318 987 497 1082 sequitur.
549 987 735 1059 Dedimus
759 989 837 1059 iam
860 988 949 1058 alibi
973 990 1133 1058 Criteria
1157 1003 1198 1058 et

95 1093 349 1174 coniecturas,
371 1113 466 1183 quae
483 1088 534 1158 ad
552 1087 729 1159 librorum
750 1080 1035 1186 suppoſstiouem
1059 1089 1197 1186 digno-

84 1187 267 1295 scendam
285 1205 320 1260 et
337 1189 617 1263 diiudicandum
634 1189 718 1260 usui
737 1188 806 1262 else
821 1189 994 1286 possunt:
1021 1189 1083 1261 sed
1099 1190 1196 1285 quid

44 1371 47 1376 ,
97 1290 237 1377 obstat,
272 1315 349 1389 quo
374 1290 502 1363 minus
526 1291 588 1362 hic
605 1310 716 1363 notas
744 1293 827 1362 illas
845 1316 926 1363 non
945 1292 1100 1362 inutiles
1119 1290 1196 1361 uti·

96 1402 186 1491 que,
212 1418 283 1465 nec
298 1395 387 1463 loeo
414 1392 558 1479 alieno,
583 1391 823 1487 repetamus?
856 1399 931 1465 Eae
946 1394 1008 1463 vel
1023 1392 1194 1464 internae

95 1497 184 1568 sunt
206 1496 268 1567 vel
293 1513 485 1580 externae,
528 1512 709 1587 utraeque
739 1513 840 1564 certo
874 1494 1079 1589 aliquando
1112 1519 1195 1567 rem

96 1599 297 1682 evincunt,
331 1595 534 1691 aliquando
561 1619 655 1666 vero
685 1596 848 1697 gignunt
872 1594 1192 1691 probabilitatem.

97 1704 274 1768 Intenroe
291 1696 376 1766 sunt
395 1722 443 1767 ex
459 1698 540 1793 ipso
560 1721 675 1793 opere
693 1698 949 1792 depromptae,
978 1696 1083 1790 quod
1101 1721 1195 1767 con·

97 1799 265 1869 vincitur
285 1797 553 1893 suppositionis
571 1800 633 1869 vel
658 1824 677 1869 a
700 1817 869 1893 tempore
893 1800 972 1868 illic
991 1799 1193 1871 nonnullis

96 1900 249 1971 indiciis
266 1915 423 1984 notato,
464 1902 572 1971 vela
597 1899 778 1970 doctrinis
802 1901 856 1968 ibi
883 1900 1051 1984 traditis,
1088 1900 1151 1971 vel
1170 1925 1193 1972 u

16 1986 29 2009 ¹
96 1997 216 2094 stylo,
245 2024 322 2097 quo
340 2000 435 2071 liber
450 1998 499 2072 est
517 2020 697 2073 exaratus.
754 2004 915 2095 Tempus
932 2001 1123 2072 criterium
1140 1998 1193 2073 est

96 2097 357 2175 certiffimum:
404 2102 502 2171 nihil
533 2107 635 2173 enim
671 2103 791 2199 magis
823 2103 1015 2198 perspicue
1048 2102 1192 2197 prodit,

98 2192 196 2299 opus
211 2203 279 2274 illo
301 2222 490 2298 tempore,
518 2229 595 2298 quc
615 2204 861 2299 supponitur,
896 2228 976 2275 nou
994 2201 1062 2275 elle
1080 2203 1195 2300 scrip·

95 2322 200 2388 turn,
229 2329 343 2399 quam
365 2304 392 2374 ti
415 2323 531 2375 notae
554 2303 769 2401 posterioris
790 2307 971 2401 temporis
995 2305 1035 2375 in
1061 2330 1107 2376 eo
1127 2305 1193 2377 de·

93 2405 394 2502 prehenduntur.
444 2411 654 2477 Occurrunt
672 2426 795 2477 autem
815 2409 884 2479 hae
899 2409 1025 2502 primo
1041 2406 1082 2477 in
1100 2404 1192 2480 falsa

95 2507 368 2577 subnotatione
385 2531 585 2592 annorum,
613 2509 712 2578 unde
729 2507 831 2579 fraus
850 2527 972 2604 patet:
1000 2511 1076 2579 hoc
1090 2509 1193 2582 enim

93 2604 362 2703 impostoribus
387 2607 553 2678 solemne
579 2603 646 2691 est,
684 2627 746 2691 ut,
784 2611 875 2680 dum
907 2629 1050 2681 certum
1085 2611 1192 2706 operi

95 2709 165 2778 suo
193 2727 345 2804 tempus
369 2704 568 2806 assignant,
603 2710 790 2807 imperitia
814 2712 916 2808 turpi
941 2713 1013 2782 tale
1037 2713 1191 2811 eligant,

95 2830 175 2903 quo
193 2810 270 2879 iam
296 2807 446 2879 desierat
466 2807 534 2880 elle
549 2811 588 2880 in
606 2811 702 2883 vivis
720 2831 842 2900 autor,
869 2838 982 2908 quem
997 2814 1192 2884 mentiun-

92 2928 175 2994 tur,
206 2926 271 2979 aut
288 2910 373 2994 ille,
401 2912 461 2982 cui
478 2912 572 2983 liber
587 2932 849 3009 nuncupatum
883 2916 974 3009 quin
994 2932 1031 2986 et
1047 2911 1075 2986 si
1091 2933 1191 2988 recte

94 3034 141 3082 eo
160 3009 307 3108 signant
326 3029 515 3106 tempore,
544 3038 621 3107 quo
642 3033 773 3085 auctor
792 3018 855 3087 ille
872 3018 987 3100 vixit,
1015 3014 1191 3111 frequen·

7 3180 8 3184 ,
91 3131 149 3183 ter
167 3131 294 3184 tamen
317 3111 503 3183 falluntur
518 3115 558 3183 in
576 3116 796 3188 nominibus
815 3118 1024 3191 Consulum
1039 3114 1190 3213 pellimo

94 3213 312 3310 adscriptis,
340 3216 402 3285 vel
418 3216 500 3287 aliis
514 3216 630 3300 notis,
659 3243 703 3287 ex
720 3218 855 3313 quibus
869 3220 995 3290 videre
1010 3216 1072 3305 esi,
1098 3244 1188 3317 ope-

88 3315 140 3386 ris
159 3333 354 3410 parentem
370 3341 502 3387 verum
519 3334 612 3388 tunc
629 3321 824 3415 temporis,
845 3346 922 3414 quo
940 3319 1070 3393 vixisse
1086 3320 1187 3395 credi

88 3418 192 3501 vult,
234 3416 352 3487 vitam
386 3418 489 3488 haud
521 3415 639 3514 egisse.
708 3423 881 3492 Secundo
913 3418 1186 3516 impostoribus

87 3519 312 3615 plerumque
330 3518 483 3603 accidit,
516 3536 559 3588 ut
579 3521 619 3588 iu
644 3521 749 3592 libris
775 3520 1019 3618 supposititiis
1039 3525 1117 3597 suis
1140 3523 1186 3596 de

85 3618 307 3691 horninibus
324 3619 480 3689 subinde
497 3621 716 3714 loquantur,
734 3625 840 3694 velut
859 3645 940 3695 tunt
958 3626 1034 3695 iarn
1052 3627 1185 3697 vireu·

85 3719 206 3805 tibus,
220 3808 222 3813 Ι
235 3722 302 3818 qui
321 3718 386 3790 diu
405 3721 559 3791 demum
582 3725 663 3792 nati
690 3724 775 3794 sunt
792 3723 872 3819 post
890 3742 1055 3797 mortem
1072 3744 1186 3799 auto.

83 3843 188 3903 rum,
216 3821 353 3917 quibus
379 3821 552 3915 improba
580 3825 789 3897 temeritate
812 3826 953 3899 librum
977 3826 1184 3923 supposue-

83 3940 195 4004 runt3
231 3941 297 3991 aut
312 3939 357 3992 ut
373 3918 543 3993 historias
560 3923 741 4010 referant,
776 3953 870 4020 quae
887 3931 1018 4000 itidem
1036 3932 1105 4000 diu
1123 3931 1184 4003 de·

82 4048 190 4093 rnurn
206 4018 289 4116 post
306 4021 382 4093 fata
399 4023 555 4094 illorum
573 4026 825 4125 contigerunt,
849 4029 941 4100 item
959 4030 1005 4100 de
1022 4032 1182 4107 urbibus

80 4125 311 4219 populisque
326 4125 554 4221 loquantur,
581 4148 677 4222 quae
699 4125 768 4203 isto
797 4154 912 4216 aevo,
946 4155 1025 4232 quo
1047 4153 1181 4206 aucto·
