2542 4724
415 263 505 345 ο.
531 288 566 340 ιι.
591 271 639 339 x.
690 266 725 359 ς.
755 250 839 339 101.
1083 259 1177 355 587,

69 482 153 533 rem
181 451 339 529 istorum
370 450 438 526 else
466 458 722 526 Pnounomnr
749 453 881 536 Alex„
915 453 1028 522 Cute.
1056 430 1162 523 Btttss

71 582 204 634 ‘rmus
227 574 336 653 putat
351 554 449 625 Libr.
471 558 520 627 V.
539 547 793 653 Adversarior.
813 559 900 648 Cap.
918 551 953 624 3.

173 698 276 764 Inter
294 691 430 760 latinos
447 688 669 782 antiquioris
684 688 959 759 aeviDoctores
976 710 1045 781 pro
1054 685 1161 759 Chri·

69 788 199 867 stianis
216 808 346 864 contra
364 790 522 861 Iudaeos
539 788 776 882 scripserunt:

77 934 81 939 '
174 932 528 1007 Tunrurmrauus,
566 921 678 994 cuius*
697 922 780 993 Lib.
807 921 892 991 cdv.
922 921 1084 992 Iudaeos
1113 921 1162 996 ad

70 1051 146 1101 nos
172 1026 314 1099 delatus
337 1022 404 1109 est,
438 1020 667 1117 composrtus
688 1020 879 1093 occasione
896 1021 1160 1117 disputationis

72 1123 268 1202 Christiani
299 1152 384 1198 cum
409 1125 614 1217 Proselyto.
677 1119 843 1211 Ostendit
867 1123 1030 1207 Auctor,
1065 1148 1162 1195 cere·

71 1227 222 1302 monias
256 1230 379 1299 cultus
408 1226 550 1296 levitici
579 1224 626 1295 ad
662 1218 803 1296 ceitum
832 1242 982 1294 tantum
1011 1241 1162 1319 tempus

71 1327 315 1426 praescriptas
331 1326 437 1401 fuisse
458 1351 499 1398 ac
519 1351 631 1422 quem
646 1326 773 1396 ludaei
790 1324 1020 1421 exspectent,
1049 1349 1163 1419 quem

72 1447 178 1503 vates
202 1428 321 1502 divini
352 1428 620 1524 praedixerint,
658 1421 824 1498 Meffiam
856 1427 932 1497 iam
965 1424 1161 1499 advenisse.

72 1536 180 1603 Diu.
198 1536 376 1601 aCouun
395 1529 441 1600 ad
457 1531 715 1601 Miiuscnmu
733 1524 863 1597 Lestrb.
880 1527 915 1596 d.
934 1515 1039 1619 crifil.
1052 1531 1164 1627 Dog·
1236 1524 1239 1531 ’

73 1625 277 1731 nungesch.
296 1630 397 1714 1,99.
418 1646 531 1701 vocat
546 1628 647 1700 hunc
658 1628 881 1700 Tertulliani
896 1628 1035 1698 librum
1054 1629 1163 1713 „eine

58 1730 281 1831 vge'ltaltlose
298 1726 579 1826 Compilation“
605 1748 642 1800 et
668 1729 814 1801 dubitat
842 1728 982 1801 deeius
1008 1730 1164 1801 authen·

73 1833 601 1917 tia;·Scnanrrnnocno1us
619 1855 708 1901 vero
726 1833 750 1902 l.
768 1856 796 1902 c.
817 1855 853 1925 p.
875 1829 930 1902 18.
948 1830 1045 1901 inter
1061 1831 1164 1925 Apo·

74 1934 224 2033 logetas
250 1930 515 2004 Christianismi
540 1950 670 2001 contra
694 1931 852 2002 Iudaeos
875 1931 1080 2026 principem
1104 1932 1164 2004 lo·

76 2058 165 2107 cum
180 2034 424 2105 tribuendum
449 2030 515 2103 else
542 2030 662 2105 censet
687 2032 942 2115 Tertulliano,
970 2032 1062 2126 „qui
1079 2056 1164 2103 acu·

74 2152 139 2207 tus
160 2152 197 2206 et
219 2135 269 2206 ob
292 2151 428 2218 artem,
455 2158 568 2229 quam
593 2151 699 2203 antea
718 2148 946 2217 exercuerat,
973 2135 1013 2202 in
1036 2132 1165 2228 dispu·
1243 2192 1249 2201 .

74 2234 194 2308 tando
212 2234 393 2318 versatus,
422 2235 594 2305 ordinem
618 2251 654 2305 et
668 2234 829 2304 modum
846 2232 941 2303 bene
957 2233 1091 2319 servat,
1119 2234 1164 2305 li·

78 2354 138 2409 cet
152 2336 248 2408 vitio
274 2335 429 2406 eihand
454 2335 589 2405 iniuria
614 2335 743 2419 detur,
774 2334 878 2430 quod
902 2331 1047 2432 ingenii
1069 2333 1164 2407 mira

76 2436 246 2509 ubertate
269 2437 422 2521 abusus,
452 2436 592 2531 saepius
616 2435 799 2520 iocando,
829 2458 940 2529 quam
967 2459 1165 2533 argumen-

76 2537 219 2624 tando,
253 2538 392 2633 repulit
421 2535 713 2607 adversariorum
736 2536 944 2630 impetus.“
997 2535 1041 2606 Id
1069 2555 1167 2607 certe

76 2662 150 2735 pro
174 2656 274 2711 certo
301 2637 428 2711 haberi
444 2633 565 2732 potest
588 2638 732 2708 exitum
755 2637 843 2708 libri
859 2636 983 2707 indeo
1007 2642 1094 2733 Cap.
1112 2642 1168 2708 tx

77 2764 161 2811 non
188 2737 257 2811 esse
282 2764 301 2809 a
326 2738 582 2823 Tertulliano,
615 2737 677 2809 sed
702 2738 789 2811 Alio
818 2762 1066 2833 quocunque,
1101 2738 1168 2833 qui

78 2838 220 2912 librum
236 2838 281 2911 ab
291 2843 456 2911 Auctore
472 2863 647 2910 mancum
666 2856 702 2908 et
716 2836 978 2934 imperfectum
994 2840 1169 2912 relictum

80 2966 127 3011 ex
144 2940 243 3012 libro
265 2946 319 3011 Ill
333 2960 464 3011 contra
479 2941 714 3011 Marcionem
740 2940 903 3035 suppleri
926 2937 1027 3035 posse
1045 2938 1168 3013 cense-

78 3057 148 3113 ret.
198 3030 803 3141 Vid.Nen1toanutignofiilrus
820 3066 856 3136 p.
876 3038 950 3115 517
967 3039 1042 3136 sqq.
1161 3062 1164 3067 ·

182 3178 385 3247 cromam
407 3166 709 3269 Testimoniorum
726 3177 980 3247 avaudueos
993 3173 1174 3250 Libum

81 3276 130 3349 td
142 3277 354 3373 Quirinum,
373 3284 488 3370 'quem
506 3274 627 3348 filium
646 3272 865 3349 carissimum
883 3278 1057 3373 appellat,
1077 3302 1172 3372 quo·

80 3404 168 3451 rum
193 3395 318 3448 autent
339 3396 487 3447 tantum
512 3376 589 3448 duo
607 3380 751 3473 priores
768 3376 928 3449 adhunc
944 3380 1071 3449 locunt
1088 3405 1170 3474 per·

80 3479 216 3549 tinent.
278 3481 322 3546 In
348 3480 458 3556 tertio
484 3479 585 3549 euim
611 3480 709 3559 libro
739 3476 914 3577 congesto
940 3478 1025 3550 sunt
1049 3483 1171 3553 multa

83 3604 130 3651 cx
144 3585 187 3650 V.
205 3597 241 3648 et
256 3583 303 3647 N.
322 3585 366 3649 T.
384 3581 467 3650 loca
483 3580 530 3649 ad
546 3581 800 3651 confirmanda
820 3600 1025 3675 praecepta,
1052 3581 1171 3653 maxi·

81 3702 186 3752 mam
202 3695 344 3773 partem
363 3680 410 3750 ad
431 3706 583 3752 morum
601 3682 832 3777 disciplinam
851 3681 1061 3781 spectantia.
1099 3688 1172 3775 Cy-

80 3780 259 3877 prianum
279 3781 491 3852 Auctorum
518 3780 585 3852 elle
601 3784 737 3853 horum
756 3783 961 3867 librorum,
991 3785 1172 3855 nonnulli

84 3880 278 3964 dubitant,
306 3885 522 3967 Enasmus,
548 3884 683 3954 ΔΝΜ.
702 3888 882 3968 Misius,
910 3884 1072 3954 attamen
1095 3882 1173 3957 fine

84 3979 214 4052 caussa.
267 3984 493 4079 llepugnant
514 3983 690 4078 opinioni
714 3982 803 4056 huic
828 3984 1056 4078 antiquiores
1076 3985 1172 4057 Scri-

83 4099 233 4181 ptores,
258 4082 327 4176 qui
350 4082 425 4156 fide
449 4083 666 4182 dignisuut
681 4109 725 4158 tc
741 4102 973 4161 memoratos
996 4077 1171 4183 Testimo-
