2542 4724
400 263 548 340 Cer.
584 268 678 383 vn:-
707 266 741 356 §.
770 263 842 337 73.»
877 204 882 215 ι
1095 215 1172 347 sss

77 474 163 521 turn
189 440 320 545 misero
336 443 518 549 societate
536 444 614 551 sese
638 455 766 523 animo
781 445 960 551 separat,
994 448 1101 523 debet
1125 452 1175 525 ob

77 554 129 621 eis
153 550 304 647 anferre
329 543 555 647 Christianus
580 553 631 623 ad
653 545 758 654 usum
781 544 913 648 iustum
932 554 1178 648 praedicendi

77 652 290 751 Evangelii.
344 655 563 725 Mtnucroa
581 654 714 725 Periit
730 654 856 725 scribit
878 653 918 725 in
935 658 1067 728 Octoo.
1084 660 1173 751 Cap.

77 752 343 847 xx.p.183.:
370 747 535 852 Exposui
558 758 746 951 ‹piniones
764 758 930 825 omnium
945 754 1072 853 feriere
1086 755 1174 828 Phi·
1242 840 1245 845 ,

78 848 333 955 losophorum,
361 854 490 951 quibus
503 854 569 925 'itte
587 858 679 926 trior
694 846 900 955 gloriaest,
917 860 1045 927 Deum
1060 882 1177 928 rurum

78 956 208 1027 multis
232 956 316 1027 licet
340 949 491 1055 defigite
522 980 541 1027 e
563 956 793 1028 nominibus:
825 970 868 1027 nt
887 960 1003 1053 quivis
1019 956 1176 1029 arbitre-

79 1072 163 1141 tur,
191 1070 260 1129 aut
274 1082 371 1129 nunc
389 1057 476 1129 Chri
491 1056 614 1128 tianos
634 1051 877 1156 Philosophos
892 1050 976 1161 effe,
1006 1072 1075 1131 out
1088 1058 1177 1133 Phi·

79 1150 253 1259 sosophot
264 1151 374 1262 susse
391 1162 468 1231 ione
485 1172 573 1229 tunc
590 1149 827 1261 Christianos,

181 1362 244 1435 Ad
258 1362 553 1459 philosophandi
569 1362 752 1449 modum,
787 1388 901 1461 quem
917 1368 1043 1441 Patres
1061 1368 1178 1442 eccle.

79 1456 211 1537 bellici
235 1462 383 1561 sequuti
407 1465 512 1547 sunt,
550 1464 720 1537 animum
745 1464 939 1539 advertere
958 1464 1178 1555 fivelimus,

77 1564 251 1663 plerique
272 1566 313 1637 in
338 1591 379 1637 ea
404 1564 597 1643 versantur
619 1566 821 1652 sententia,
856 1568 951 1640 illos
975 1570 1178 1645 Platonem
1240 1596 1246 1609 ·

80 1664 274 1739 affectatos
291 1664 369 1739 esse.
409 1674 487 1741 Nec
497 1658 617 1763 'blane
632 1669 707 1741 hoc
722 1668 852 1767 negari
867 1662 999 1767 potest.
1037 1672 1178 1745 Multis

80 1766 181 1853 sene,
206 1764 330 1839 finon
347 1769 546 1865 plerisque,
572 1771 739 1843 Platonis
758 1769 1000 1871 Philosophia
1019 1770 1055 1843 se
1072 1795 1177 1845 com-

79 1868 290 1945 mendavit.
344 1876 449 1943 Certe
469 1870 511 1941 id
535 1868 676 1945 constat
700 1872 745 1941 de
770 1862 908 1969 Iustino
924 1876 1060 1958 Mart,
1097 1874 1177 1945 Cle-

82 1972 345 2057 mentehlex„
367 1973 539 2071 Origene,
564 1962 774 2073 Augustino
794 1992 905 2069 atque
922 1974 1015 2045 aliis.
1049 1980 1176 2047 Immo

80 2072 263 2147 nonnulli
286 2070 424 2145 borum
454 2071 666 2146 asseclarum
691 2092 797 2145 tanto
817 2072 948 2151 ,studio
976 2075 1179 2149 Platonem

82 2173 307 2271 prosequuti
323 2174 428 2257 sunt,
463 2194 507 2247 ut
527 2176 708 2258 dicerent,
743 2198 869 2247 ornnes
890 2178 1047 2247 Domini
1065 2167 1180 2273 nostri
1225 2218 1228 2223 ·

82 2280 121 2349 J.
141 2274 227 2349 chr.
238 2270 461 2377 sententias,
496 2301 588 2372 quos
612 2279 742 2347 mirari
766 2290 802 2345 et
823 2276 1041 2370 praedicare
1066 2302 1177 2377 coge·
1217 2358 1223 2371 ¹

84 2374 242 2462 bantur,
277 2378 322 2447 de
343 2379 514 2449 Plutonis
537 2374 636 2447 tibris
658 2402 741 2447 enm
764 2368 941 2549 didicsqe,
976 2390 1020 2453 tlt
1038 2375 1178 2449 Attou-

84 2501 237 2553 tninns
262 2478 454 2575 loquitur,
482 2482 646 2577 illosque
669 2476 780 2557 simul
799 2502 870 2549 con
891 2494 992 2563 urat,
1027 2477 1111 2549 Lib.
1127 2484 1177 2553 II.

85 2580 133 2653 de
156 2584 344 2655 Doctrina
363 2573 546 2679 christian.
575 2586 662 2675 Cap.
679 2581 741 2653 28.
795 2578 942 2667 Caussa,
970 2606 1036 2651 cur
1051 2586 1180 2655 Patres

83 2680 240 2755 Platoni
257 2680 411 2777 eiusque
427 2682 568 2755 honori
583 2680 772 2765 faverent,
804 2680 848 2753 in
872 2705 917 2753 eo
942 2678 1061 2777 postte
1086 2687 1180 2767 erit,

84 2784 193 2883 quod
208 2778 275 2857 tbi
293 2783 571 2879 persuaderent,
605 2785 807 2857 Platonem
821 2808 861 2855 ea
882 2784 1046 2867 tradere,
1083 2808 1181 2879 quae

85 2910 177 2959 oum
188 2880 307 2959 Molis
320 2886 458 2987 pariter
474 2910 516 2958 ac
531 2880 745 2957 christianae
761 2884 956 2979 religionis
970 2884 1071 2957 scitis
1088 2908 1181 2957 con-

86 2984 276 3059 sentirent.
338 2992 462 3059 Immo
496 3006 615 3081 quum
650 3002 846 3085 putarent,
894 2989 1093 3063 Platonem
1123 3012 1180 3073 ea,

86 3110 185 3183 quae
209 3082 502 3161 Christianorum
527 3087 703 3185 religioni
724 3086 971 3163 consentanea
995 3087 1181 3175 docuerit,

85 3186 234 3261 lumine
247 3206 401 3262 naturae
417 3214 459 3261 ac
473 3189 631 3260 rationis
648 3188 749 3260 haud
765 3187 992 3287 cognoscere
1009 3185 1181 3283 potuisse,

87 3290 130 3363 in
146 3288 370 3365 sententiam
386 3284 532 3389 ingressi
547 3288 646 3373 sunt,
672 3290 872 3367 Platonem
886 3288 931 3361 ab
949 3287 1101 3365 Ebraeia
1114 3288 1182 3361 sua

88 3388 282 3487 accepisse,
310 3410 376 3468 eut
396 3393 557 3463 omnino
579 3386 696 3463 Motis
713 3390 831 3465 libros
850 3386 983 3489 legisse.
1030 3390 1105 3487 Qui
1126 3390 1180 3463 ita

84 3488 277 3581 statuunt,
305 3492 476 3569 aberrant
492 3517 512 3565 a
527 3490 703 3575 veritate;
728 3516 799 3563 nec
813 3488 854 3567 h'i
868 3490 1011 3575 solum,
1043 3490 1105 3561 sed
1121 3492 1182 3567 illi

89 3617 264 3692 quoque,
289 3594 357 3688 qui
375 3590 592 3695 theologiae
614 3588 788 3683 mysticae
808 3591 963 3689 eiusque
982 3609 1182 3689 corruptae

91 3696 281 3795 originem
296 3720 342 3767 ex
364 3693 604 3794 Philosophia
619 3699 772 3769 Parrum
786 3692 978 3768 Platonica
994 3694 1180 3769 derivant.
1193 3772 1196 3777 ,

91 3796 273 3893 Quamvis
291 3796 392 3870 enim
411 3796 511 3871 hand
528 3794 743 3896 negandum
764 3792 826 3881 stt,
854 3794 1053 3867 sententias
1071 3820 1181 3889 quas-

91 3898 181 3969 dam
213 3922 256 3969 ac
287 3898 469 3993 loquendi
492 3896 695 3979 formulae,
738 3922 784 3967 ex
807 3897 940 3971 Schola
964 3897 1133 3968 Platonis
1157 3920 1180 3973 a

89 3998 264 4075 Patribus
285 4018 450 4095 acceptas
480 4024 549 4071 nec
574 4014 681 4069 caute
705 3998 911 4097 usurpatas,
939 3996 1179 4093 corruptioni

90 4100 311 4199 theologiae
343 4098 515 4193 mysticae
553 4098 784 4175 occasionem
823 4096 1052 4200 praebuisse,
1103 4098 1181 4199 ipsa
