2542 4724
1084 252 1181 328 XIII

14 423 324 509 tetisclassibus
348 402 715 530 distinguerem,
742 428 813 506 seu
822 433 946 526 varia,
963 436 1025 511 uti
1034 434 1179 516 dicun·

14 586 53 659 aa,
64 567 186 668 capita
210 564 607 667 constituerem
624 582 741 662 atque
757 567 808 641 ad
824 567 1013 645 ordinem
1030 598 1175 653 corum

18 703 253 805 disponerem.
349 674 526 807 Quod
548 706 714 799 primam
739 702 877 778 locum
905 694 1073 798 obtinet,
1098 713 1176 787 Ca·

20 842 59 943 ple
73 843 346 943 exponitur
399 837 475 912 de
503 837 782 933 vitantesque
802 844 960 913 Petrum
976 841 1173 944 Ecclefioe,

23 978 281 1053 inimirum
298 1034 318 1066 ,
378 972 485 1071 qui
509 970 599 1055 istas
628 989 876 1048 enarrarunt.
931 977 1174 1054 Memoratis

28 1113 71 1201 lb,
94 1116 248 1214 Caput
268 1108 557 1217 secundum
575 1104 753 1203 sequitur
779 1105 829 1181 de
851 1105 997 1210 [criptis
1014 1118 1176 1190 Petrum

32 1254 200 1348 laeuoque
256 1241 565 1322 editionibus.
617 1243 718 1315 Non
751 1240 801 1316 de
835 1241 1001 1344 singulis
1028 1271 1174 1325 eorum

37 1383 248 1461 alicuibus
277 1376 528 1468 disserui,
556 1375 788 1451 cuiusmodi
803 1375 977 1477 syllabas
995 1381 1078 1469 iam
1099 1383 1175 1458 du.
1258 1420 1261 1425 -

11 1564 14 1645 p
41 1517 101 1596 lm
117 1522 163 1597 ab
189 1502 324 1596 aliis¹
346 1512 634 1629 accepimus,
660 1509 800 1607 sedlde
826 1488 1178 1612 quibusdamtanss·
1214 1608 1217 1617 ,

45 1670 100 1731 tum
115 1659 257 1757 'risque
272 1714 291 1747 ,
329 1673 470 1751 quae
494 1672 591 1749 prae
611 1648 780 1745 reliquis
809 1649 990 1724 celebres
1007 1647 1100 1724 sunt
1115 1668 1173 1745 at·¹

51 1795 165 1889 quein
206 1782 579 1867 exfiffimatione
618 1783 830 1860 habentur.
884 1789 988 1860 Tres
1031 1808 1173 1865 earum

55 1922 155 2002 classes
168 1924 471 2004 constituere
486 1945 530 1993 ac
544 1914 700 1995 referre
710 1916 917 2021 possumus
929 1918 980 1993 ad
994 1922 1172 2022 primam

60 2058 336 2162 mimfflrrras,
362 2057 459 2133 five
469 2056 569 2144 illas,
588 2080 690 2155 quae
706 2082 791 2130 non
800 2058 923 2156 longe
939 2055 1172 2156 postnatam

62 2198 380 2301 typographiam
405 2190 652 2294 prodierunt
660 2219 671 2281 3
701 2190 751 2264 ad
767 2189 985 2267 secundam
1007 2201 1171 2293 oririque·-

67 2354 153 2418 ores,
168 2356 265 2430 quae
281 2329 444 2405 seculo
462 2324 571 2401 sexto
588 2351 632 2400 ac
651 2325 811 2401 decimo
824 2327 965 2400 lumen
983 2327 1172 2429 adspexe-

69 2480 165 2555 mnt,
180 2467 384 2567 inprimis
396 2461 530 2537 studio
547 2462 728 2551 Erasmit
755 2460 805 2534 ad
817 2461 977 2535 tertiam
993 2461 1170 2563 denique

75 2609 297 2692 recentiores,
319 2593 484 2673 emissas
502 2597 547 2671 in
564 2598 703 2688 Gallia,
721 2598 896 2671 maxime
916 2623 1012 2673 cura
1027 2605 1174 2679 Mona·

79 2734 241 2811 chorum
265 2733 652 2823 Benedictinorum,
676 2733 720 2806 in
735 2734 893 2834 Anglia,
918 2737 1073 2836 Belgio,
1101 2740 1174 2814 Hi-

83 2864 220 2969 spania,
230 2868 471 2959 Germania,
482 2868 627 2966 quibus
637 2865 1175 2977 singulariaPatrumscripta

85 3004 281 3083 adduntur
322 3022 442 3104 atque
475 3001 620 3079 itidem
652 3003 930 3096 recensentur,
953 3005 1174 3107 separatim

84 3141 273 3216 nimirum
304 3142 352 3217 in
384 3141 519 3215 lucem
549 3137 667 3215 edita.
720 3144 886 3216 Parrum
908 3161 1176 3219 monumenta

88 3277 332 3351 coniunctim
355 3274 406 3349 ad
425 3274 635 3376 publicum
656 3272 775 3349 usum
792 3278 980 3352 translata
993 3275 1105 3368 sunt,
1129 3279 1175 3352 in

89 3413 198 3486 certis
224 3411 523 3502 voluminibus,
549 3435 650 3509 quae
677 3411 929 3487 Bibliothecae
944 3441 991 3487 ac
1009 3419 1176 3486 Catenae

87 3548 242 3623 Parrum
268 3546 473 3622 dicuntur.
522 3547 589 3620 De
612 3545 677 3620 his
705 3547 846 3646 Capite
872 3554 981 3621 tertio
1011 3544 1175 3647 exposui
1248 3522 1256 3537 ’

90 3706 128 3754 ac
156 3682 372 3785 postquam
402 3681 452 3756 de
482 3682 562 3757 illis
602 3697 721 3780 atque
752 3706 894 3775 earum
929 3679 1176 3754 editionibus

91 3820 309 3915 generatim
332 3832 626 3893 commentatus
650 3815 758 3907 sum,
788 3832 1003 3893 narrantur
1026 3815 1179 3890 Biblio-

87 3950 217 4029 thecae
233 3953 523 4057 particulares,
550 3950 633 4028 five
648 3933 839 4055 speciales
856 3967 973 4049 atque
982 3951 1088 4024 inter
1105 3947 1179 4047 has

87 4085 334 4189 dogmaticae
351 4103 392 4161 et
405 4089 653 4189 polemicae,
681 4087 889 4177 asceticae,
906 4084 1177 4168 homileticae,

87 4218 314 4301 historicae:
348 4223 624 4302 Bibliothecae
656 4229 820 4299 Parrum
853 4219 1180 4323 apostolicorum,
