2542 4724
91 218 189 355 724¹
401 282 544 351 Car.
570 278 668 349 XIV.
722 273 901 393 §.1343

57 508 59 513 ·
96 472 158 543 Ea
174 458 422 564 autemsant,
449 486 546 559 qaae
564 459 663 533 bona
676 450 796 559 santa
821 488 866 535 ea
882 483 1078 569 veronen
1095 458 1192 567 sara,

15 562 16 567 ἵ
98 594 195 667 qaae
212 568 317 639 atala
329 561 425 663 [ant.
461 564 580 636 Verba
599 562 690 635 haec
707 562 733 635 fi
749 565 842 659 quie
852 567 898 637 de
914 569 1070 641 animae
1084 570 1195 643 facul·

96 690 194 755 tate,
222 670 352 741 adres
378 667 566 737 naturales
593 683 630 736 et
655 682 845 752 externas,
876 691 960 739 non
985 667 1192 769 spirituales

96 792 212 869 atque
234 772 399 841 internas
424 768 559 850 relata,
587 765 795 864 intelligere
819 787 931 863 atque
947 772 1192 847 Athanalium

97 874 297 947 defendere
313 868 424 950 velit,
454 867 487 936 ei
504 866 606 937 haud
621 893 895 966 repugnamuS,
923 875 1102 964 quamvis
1118 899 1193 947 non

70 964 74 974 ⁵
96 976 142 1050 fit
157 973 387 1073 negaadum,
414 968 525 1038 illum
540 968 696 1039 liberam
713 970 858 1042 animae
874 974 1067 1045 humanae
1082 974 1193 1047 facul·

97 1095 214 1149 tatem
238 1098 308 1144 neo
335 1066 525 1153 distincte,
549 1066 619 1141 nec
646 1090 816 1145 accurate
840 1072 1063 1168 explanalle.
1116 1082 1191 1147 Du·

94 1180 196 1253 riora
213 1177 283 1247 hac
302 1174 348 1243 de
365 1196 406 1240 re
421 1169 617 1255 videntur,
645 1175 780 1265 quael.
799 1198 829 1245 o.
848 1179 934 1269 Cap.
954 1172 1017 1247 34.
1035 1176 1092 1249 ita
1107 1176 1192 1249 edis.

94 1280 199 1355 serit:
234 1276 398 1355 Δύναται,
424 1269 525 1363 ὥσπερ
549 1274 790 1367 ἀπεστράφησαν
814 1281 856 1371 τῇ
881 1278 997 1357 διανοίᾳ
1021 1281 1081 1349 τὸν
1106 1284 1190 1365 Θεὸν,

95 1382 149 1455 καὶ
167 1387 209 1451 τὰ
232 1377 293 1449 οὐκ
316 1374 395 1445 ὄντα
411 1373 627 1445 ἀνεπλᾶσαντο
648 1380 694 1449 εἰς
710 1375 832 1462 Θεοὺς,
858 1378 957 1463 οὕτως
977 1380 1134 1472 ἀναβῆναι
1147 1386 1191 1471 τῷ

90 1472 141 1575 ’νῷ
153 1489 210 1571 τῆς
236 1485 370 1573 ψυχῆς,
396 1476 448 1544 καὶ
473 1474 567 1545 πάλιν
592 1477 777 1570 ἐπιστρέψαι
797 1483 869 1573 πρὸς
884 1486 941 1551 τὸν
961 1484 1054 1551 Θεόν.
1106 1485 1190 1575 'En-

95 1588 237 1679 οτρέψαι
257 1584 289 1649 δὲ
306 1577 470 1659 δύνανται,
495 1577 547 1647 ἐὰν
569 1575 604 1646 ὃν
627 1577 807 1652 ἔνεδύσαιτο
834 1579 932 1674 ῥύπον
949 1582 1054 1675 aima
1084 1585 1190 1657 ἐπιθυ·
1212 1586 1216 1595 “

94 1698 190 1782 μίας,
216 1682 414 1757 ἂπόθωνται,
441 1677 493 1746 καὶ
517 1684 673 1759 τοσοῦτον
699 1684 935 1775 ἀπονίψωνται,
961 1680 1020 1767 ἕως
1049 1685 1093 1756 dv
1118 1688 1189 1759 tse-

94 1798 215 1858 θωνται
241 1790 306 1856 πᾶν
330 1786 368 1854 τὸ
391 1782 592 1873 συμβεβηκὸς
613 1781 778 1878 ἀλλότριον
798 1788 842 1877 τῆ
860 1788 962 1876 ψυχῇ
973 1834 985 1869 ,
1022 1794 1079 1855 καὶ
1103 1792 1189 1884 μόνῳ

94 1884 221 1977 aitrau,
255 1886 357 1978 ὥσπερ
383 1885 525 1973 γέγονεν,
557 1885 769 1974 ἂποδειξωσιν.
834 1886 889 1959 Ut
914 1891 1042 1957 Deam
1073 1904 1188 1963 mente

96 1987 299 2091 deseruere,
326 1998 362 2056 et
387 2007 444 2054 res
469 2007 564 2076 qaae
587 1985 713 2055 nullae
727 1979 836 2086 sunt,
871 1990 975 2062 Deos
1001 1976 1187 2081 effinxere,

84 2084 142 2193 fic
158 2091 287 2161 eadem
307 2081 396 2184 [aaa
419 2087 568 2154 animae
590 2100 711 2157 ruente
733 2080 924 2187 ascendere
946 2105 985 2160 et
996 2096 1042 2189 je
1060 2094 1187 2165 iterum

94 2194 148 2285 acl
169 2197 295 2263 Deam
317 2179 464 2285 poffant
487 2200 716 2258 convertera-
758 2184 929 2291 Poffimt,
957 2196 1142 2287 iuquam,
1155 2186 1187 2293 fi

66 2330 69 2337 ·
93 2319 188 2390 qaas
203 2294 368 2364 oraniarn
386 2288 602 2381 cupidatum
612 2279 746 2383 sordes
763 2295 958 2377 induerint,
985 2298 1185 2387 deponant,
1225 2338 1227 2349 =

94 2412 131 2468 et
148 2395 292 2465 tamdia
308 2390 485 2472 abluant,
514 2390 630 2459 donec
656 2394 826 2487 quicquid
849 2395 1016 2469 alienam
1041 2402 1185 2469 arrianae

92 2489 275 2597 aceefferit
303 2492 518 2573 abiecerint,
552 2514 705 2585 eamque
734 2489 874 2588 solaro,
908 2502 1031 2592 qualis
1064 2514 1184 2572 creata

91 2589 153 2694 est,
177 2593 416 2668 ealrillaeriut.
470 2596 572 2661 Haec
586 2592 687 2664 enim
701 2594 753 2665 ita
770 2597 928 2692 expreffa
945 2601 1060 2685 suut,
1087 2622 1132 2675 ut
1146 2624 1183 2673 ex

89 2699 166 2770 illis
189 2698 299 2769 facile
322 2692 365 2764 fit
387 2691 664 2787 colligendum,
689 2694 931 2772 Athanalium
957 2700 1179 2791 existimate,

90 2801 200 2896 quod
216 2798 332 2868 homo
344 2794 508 2890 propriis
526 2793 668 2867 viribus
683 2795 719 2867 se
737 2802 932 2876 emendare
950 2824 991 2879 et
1003 2806 1179 2882 adDeum

90 2919 309 2972 convertere
326 2914 449 2993 queat.
503 2900 628 2990 Quum
645 2922 760 2991 porro
780 2901 1003 2979 dedolatar.
1023 2913 1179 2983 advena

92 2994 224 3098 Christi
243 3005 349 3069 Tam.
367 3003 399 3068 I.
428 3001 537 3090 Oper.
557 3023 593 3091 p.
611 2998 694 3071 641.
719 3026 850 3075 eorum
869 3012 1116 3085 mentionem
1131 3010 1177 3085 fa·

89 3104 161 3188 cit,
190 3106 251 3198 qui
274 3106 357 3171 Deo
381 3124 449 3193 per
474 3101 593 3195 legem
613 3115 772 3183 araturae
796 3107 1030 3201 placuerint,
1059 3116 1175 3187 minut

86 3222 186 3276 recte
203 3229 245 3275 ac
264 3220 371 3273 caute
388 3202 478 3270 haec
495 3202 592 3271 dieta
614 3201 716 3289 sunt,
744 3230 814 3278 nec
835 3212 1034 3289 mitiorem
1052 3218 1175 3291 admit·

86 3322 175 3375 tunt
206 3301 575 3399 interpretationen13
608 3304 734 3377 minus
764 3327 890 3383 autem
916 3338 965 3385 ex
988 3318 1069 3393 illis
1092 3316 1173 3393 iuda

47 3453 48 3456 =
86 3405 167 3479 fieri
183 3402 303 3501 potest
324 3403 507 3476 accusatio
525 3425 656 3476 contra
672 3406 926 3499 Athanatum,
956 3424 1070 3513 quod
1086 3420 1172 3494 iusti·

84 3508 303 3581 ficationem
335 3508 410 3604 legi
442 3504 597 3599 eiusque
632 3510 809 3601 operibus
842 3515 1032 3593 tribuerit.
1093 3524 1173 3599 Aliis

82 3610 179 3683 locis
207 3606 338 3680 diserte
359 3606 508 3689 docuit,
535 3632 606 3680 nos
631 3634 712 3679 non
732 3612 801 3684 alia
819 3615 994 3707 ratione,
1024 3626 1097 3698 nist
1119 3648 1170 3723 pet

82 3712 202 3783 lolam
227 3708 341 3781 fidem
363 3709 404 3779 in
426 3707 548 3779 Iesum
570 3707 776 3799 Christum,
806 3715 1011 3795 criminum
1040 3724 1171 3801 nostro·

80 3839 168 3884 rum
197 3812 346 3881 vertiam
374 3834 393 3879 a
418 3815 502 3879 Deo
533 3811 712 3907 consequi
743 3814 854 3908 polle.
917 3826 981 3893 De
1020 3832 1168 3925 Corpore

83 3904 214 4008 Christi
236 3938 318 3982 non
347 3911 431 3983 satis
456 3914 657 3983 commode
681 3916 866 4009 loquutus
894 3918 965 4005 est,
998 3934 1164 4023 quoniam

82 4017 128 4085 tle
144 4017 409 4083 incarnatione
428 4008 544 4081 Verbi
557 4018 632 4083 Dei
649 4021 735 4109 Cap.
747 4017 808 4088 20.
829 4017 1053 4113 affirmavit,
1079 4026 1163 4101 fulde

81 4116 160 4188 llral
184 4116 343 4189 mortale
358 4132 395 4189 et
418 4114 468 4186 ad
482 4102 833 4219 firailitatliucmsui
850 4132 1004 4220 generis
1022 4146 1158 4207 mortem
