2542 4724
80 218 159 298 664
363 221 466 294 tta
493 239 529 328 ιζ.
554 216 656 288 xm.
710 216 746 304 §.
774 212 859 289 123.

83 432 188 484 more
209 407 305 491 Dei,
332 403 378 479 de
397 404 727 502 Longanirnitate,
755 399 1030 485 dePatientta3
1056 400 1175 497 Impo-
1220 392 1223 485 ἰ

16 566 20 571 -
84 513 227 593 tientia,
255 511 435 591 Larinate,
464 505 677 587 Iracundia,
708 499 935 586 Obedientio,
963 496 1176 573 Inobedicn·

84 615 159 694 tia,
186 612 231 679 dc
246 606 525 683 Recta'vioentii
541 607 705 687 ratione,
730 603 776 675 de
795 606 887 672 Vita
895 596 1118 702 spirituali,
1140 602 1177 673 dt

85 709 227 781 Morbo
254 710 405 806 linguae
431 733 473 777 ac
495 703 737 800 pluresaliae
764 704 907 801 generis
932 704 1056 776 huius
1083 728 1177 779 com·

64 810 352 898 ¹mentationes,
381 807 516 903 quibus
539 804 566 876 st
588 804 753 883 eiusdem
773 808 972 875 Sermones
1003 803 1033 877 l.
1056 804 1179 876 Homi·

85 916 156 988 lias
175 929 286 1004 atque
303 911 347 979 ab
367 910 448 984 aliis
467 923 698 982 memoratos
716 905 1021 1009 Commentarios
1038 905 1084 975 in
1097 906 1179 983 Seri·

87 1034 219 1109 pturae
236 1015 269 1079 S.
285 1008 404 1079 libros
420 1008 612 1089 addamus,
639 1004 876 1101 facilapatet,
902 1031 984 1077 non
1002 1006 1182 1104 exiguum

89 1112 158 1187 elle
187 1134 389 1185 numerum
417 1107 660 1201 scriptorum,
688 1104 824 1200 quibus
843 1108 1087 1201 Ephraemus
1112 1134 1182 1184 me·

88 1211 250 1290 moriam
267 1208 371 1281 luam
388 1205 542 1302 posteris
558 1207 849 1289 commendavit.
901 1208 962 1305 ᾼᾶ
979 1207 1181 1283 sanctimo-

87 1312 173 1385 niae
187 1307 303 1380 studia
322 1310 513 1383 excitanda
532 1327 642 1403 atque
657 1309 827 1405 augenda
840 1334 921 1380 non
937 1308 1072 1381 solum
1086 1335 1179 1408 prae·

90 1413 187 1489 clara
211 1428 403 1504 praecepta
436 1407 593 1504 scripfit,
626 1409 689 1480 sed
710 1406 850 1483 illustre
877 1435 1036 1505 qnoque
1064 1437 1181 1487 exem·

87 1512 197 1613 plum
214 1511 260 1581 ad
277 1511 529 1603 imitationem
544 1510 706 1605 reliquit.
759 1511 885 1585 Utitur
901 1508 996 1595 stilo,
1019 1514 1094 1604 qui
1107 1512 1181 1585 lim·

15 1658 17 1663 ,
87 1613 177 1708 plex
200 1608 248 1683 est
273 1636 314 1681 ac
330 1608 438 1683 fimul
462 1611 603 1709 gravis,
631 1611 697 1706 qni
713 1636 799 1685 cunr
818 1610 926 1685 facile
941 1613 1181 1714 intelligitur,

88 1730 172 1791 tnm
193 1712 239 1780 ad
263 1711 408 1785 animos
421 1712 731 1787 commovendos
751 1714 861 1783 valet.
915 1719 1018 1789 Bene
1041 1716 1091 1786 de
1106 1713 1183 1787 leri·

87 1813 163 1909 ptis
182 1812 382 1906 Ephraemi
407 1818 525 1884 Gom.
546 1819 704 1887 Cavans
730 1814 821 1909 haec
843 1815 1080 1909 pronuntiat
1102 1802 1183 1907 nim

87 1918 262 2007 netqnez'
290 1917 405 1995 Lenes
432 1914 546 2010 plane
567 1905 661 2009 sunt
683 1927 721 1985 et
744 1905 878 2008 futiles
904 1927 946 1986 nt
977 1915 1181 2009 plurimum

5 2076 14 2095 ,
90 2015 410 2109 exceptiunculae,
445 2041 540 2110 qrrae
570 2010 715 2113 scriptis
743 2019 817 2087 eins
842 2019 1021 2087 intentari
1047 2008 1182 2113 solent.

89 2118 130 2194 Si
148 2138 243 2208 qnae
260 2129 475 2199 occurrant,
504 2141 599 2207 qnae
615 2120 653 2185 S.
672 2120 780 2203 Patri
804 2110 923 2187 minui
944 2117 1092 2215 digna,
1122 2132 1183 2191 ant

90 2240 188 2312 qnae
205 2215 287 2289 aliis
310 2216 395 2290 locis
413 2240 487 2286 non
504 2213 592 2286 bene
614 2220 804 2289 convenire
818 2217 1012 2303 videntur,
1041 2210 1183 2317 nostrae

88 2320 213 2417 potins
232 2306 384 2415 syriace
408 2318 580 2413 loquendi
604 2318 802 2390 modorum
818 2312 1004 2418 inscitiae,
1032 2322 1182 2395 vet-ver-

76 2410 244 2516 sionibus
260 2404 482 2512 ex'ncrfione
498 2419 595 2491 nrale
610 2416 746 2513 sactis,
775 2444 889 2513 qnam
906 2417 1119 2513 Eplrraemi
1133 2426 1182 2493 in·

92 2521 302 2615 elegantiae
319 2533 355 2595 ct
371 2512 533 2615 inscitiae
549 2522 728 2619 irnpntari
739 2513 895 2620 'paffent,
915 2525 1003 2615 qnin
1016 2513 1051 2616 fi
1062 2548 1184 2599 revera

91 2643 228 2693 errores
255 2612 363 2720 ‹ffent
382 2673 391 2704 ,
405 2615 555 2718 snnnno
578 2619 735 2692 bortrinis
760 2622 861 2721 zelo,
883 2612 1130 2717 firnplicitati
1145 2646 1185 2694 ac

89 2725 223 2820 pietati
243 2722 446 2798 carnionari
462 2720 629 2793 debcant.
683 2724 972 2797 Srinounws
990 2749 1087 2799 vero
1114 2728 1139 2801 l.
1157 2750 1184 2797 c.

89 2848 127 2917 p.
138 2822 222 2897 282.
242 2822 287 2891 de
303 2822 349 2892 iis
365 2822 518 2904 iudicat,
539 2849 578 2894 ea
598 2823 717 2920 magis
736 2822 782 2893 ad
798 2817 992 2897 historiam
1011 2828 1184 2899 asceticet

90 2942 126 2999 et
142 2923 388 3008 homiletices,
419 2948 531 3017 qnam
549 2925 594 2992 ad
615 2949 767 2994 morum
787 2924 998 2999 doctrinam
1017 2929 1185 3001 attinere.

186 3029 386 3108 Macran,
404 3024 761 3120 leniorisAegyptii,
779 3024 923 3119 scripta,
944 3050 1045 3121 qnae
1062 3030 1185 3101 omnia

90 3123 138 3199 at]
155 3124 366 3201 doctrinam
384 3125 567 3199 moralem
592 3124 767 3219 spectant.
820 3132 968 3196 Praeter
986 3132 1183 3213 litantibus,

88 3225 241 3319 reliquit
263 3219 459 3324 Opnscnla,
488 3250 603 3321 eaque
620 3226 664 3297 de
683 3217 856 3321 Custodia
875 3228 1013 3315 cordis,
1040 3231 1089 3301 de
1105 3234 1186 3301 Pcr-

79 3324 253 3423 sectione
262 3320 434 3424 spiritns,
462 3328 723 3412 cle-Oratione,
752 3328 796 3397 de
812 3332 988 3400 Potentia
1006 3348 1045 3400 et
1062 3332 1103 3400 di
1119 3354 1187 3403 cre·

89 3431 189 3503 tione
204 3431 353 3513 neentis,
382 3430 427 3498 de
447 3431 632 3512 Caritate,
659 3428 704 3499 de
720 3427 911 3503 Libertate
926 3434 1080 3504 neentis.
1133 3432 1187 3503 Ex

88 3527 135 3602 iis
160 3530 369 3598 lncnlenter
393 3546 514 3624 patet,
544 3527 652 3603 istum
677 3553 758 3600 non
784 3530 908 3601 solum
932 3530 1062 3623 ipsum
1092 3533 1186 3607 vitae

88 3626 283 3713 sanctiori,
311 3627 477 3701 sumnrae
495 3631 782 3727 temperantiae,
808 3632 1033 3729 patientiae,
1063 3658 1186 3729 preca·

87 3729 188 3805 tioni
214 3746 325 3822 atque
358 3733 439 3806 aliis
465 3733 667 3803 virtutibus
694 3729 918 3829 singularem
944 3758 1104 3829 operam
1132 3736 1186 3807 da·

89 3827 194 3912 dille,
224 3828 284 3897 led
310 3833 423 3901 etiam
448 3831 566 3903 studia
589 3834 741 3902 illarum
763 3835 845 3905 aliis
863 3834 1068 3930 diligenter
1085 3860 1185 3909 com·

86 3927 282 3999 mendalle.
353 3938 479 4025 anm
512 3934 565 4001 ita
592 3934 782 4005 Macarius
813 3936 874 4006 hic
906 3937 1028 4031 gratia
1062 3938 1185 4009 divina

87 4050 199 4128 talne
223 4030 450 4129 experientia
477 4029 677 4109 instructus
702 4032 805 4121 ell'ct,
835 4036 1011 4112 adhibuit
1035 4060 1186 4135 quoqne
