2542 4724
103 238 190 316 aaa·
300 310 306 323 ,
361 318 367 339 ,
397 262 403 277 ·
431 188 510 314 cl
538 210 582 311 a(
605 242 702 313 vn·
736 244 772 332 ς.
797 242 861 357 aa.

87 446 90 451 ’
108 446 169 501 tur
185 431 307 501 caueri
317 442 511 525 oportere,
529 421 693 526 scribens
711 429 763 498 acl
780 426 871 499 Colo
900 422 1023 527 enses:
1050 428 1200 513 Videte,

108 557 154 601 ae
175 535 255 625 quis
275 554 343 601 oos
366 532 715 625 circumveniatper
739 528 847 600 Philo
864 528 1029 625 ophiam.
1087 530 1203 602 Libet

106 625 293 728 Adversus
325 634 602 727 Hermogenem
636 637 674 701 C.
700 632 736 703 8.
762 632 925 726 appellat
949 629 1204 727 Philosophus

108 736 393 805 Haereticomm
407 730 650 803 Patr-iarchos
666 731 714 821 ¹¹³),
741 754 782 803 ac
799 733 908 827 plura
925 732 1072 830 gatteria
1086 732 1204 805 huius

111 830 219 907 effata
235 833 334 928 apud
350 857 437 903 eum
452 832 551 917 sunt,
578 832 715 927 quibus
729 832 766 903 se
779 832 825 903 de
839 833 1084 929 Philosophia
1099 834 1206 905 haud

109 935 273 1033 benigue
296 933 449 1017 sentire,
484 931 677 1033 fignificat.
693 932 751 1024 **)
808 940 897 1007 Non
929 932 1122 1008 oonienlio
1153 930 1206 1007 est

110 1038 209 1108 inter
224 1033 392 1106 eruditos
413 1036 521 1107 Viroa
541 1034 588 1106 de
605 1054 732 1106 mente
749 1035 993 1121 Tertulliani,
1021 1036 1206 1132 quidnam

110 1137 175 1209 ille
190 1162 255 1232 per
263 1134 782 1230 Philosophiamintellexer'it
788 1162 800 1223 3
816 1162 912 1209 num
919 1137 1206 1233 Philosophiam

52 1286 55 1291 -
81 1322 85 1331 1
110 1237 257 1334 ἰρίειιῐι,’
274 1237 315 1307 in
325 1236 367 1307 -se
382 1236 602 1332 spectatam,
631 1262 677 1309 an
693 1239 799 1309 illam
815 1255 977 1324 tantum,
1006 1264 1101 1335 quae
1118 1236 1206 1311 Phi·

112 1338 362 1434 losophorum
378 1336 481 1409 vitiis
506 1357 684 1435 corrupta
709 1364 751 1411 aa
774 1340 1029 1412 contaminata
1044 1338 1110 1423 lit,
1146 1366 1205 1411 re·

78 1524 81 1529 ,
111 1439 360 1537 prehenderit,
412 1438 489 1509 Alii
504 1440 623 1527 illud,
650 1440 713 1511 alii
731 1442 807 1513 hoo
829 1438 1034 1526 affirmant,
1064 1459 1130 1511 aut
1138 1440 1205 1512 'lu-

78 1546 81 1553 “
112 1543 319 1641 lpioantur3
354 1564 397 1611 aa
420 1542 593 1635 quamvis
607 1541 834 1629 ¹sententiam
854 1544 933 1615 eiua
954 1559 1053 1615 certe
1067 1540 1207 1637 allaqui

111 1644 216 1716 haud
239 1645 367 1726 liceat,
412 1641 646 1737 probabilius
678 1634 806 1715 tamen
838 1640 921 1717 ell'e'
939 1639 1207 1727 existimamus,

114 1771 234 1841 quum
247 1744 501 1817 Tertullianus
520 1762 728 1818 memorata
747 1745 845 1819 dieta
861 1744 1075 1841 conceperit
1091 1760 1208 1839 atque

115 1844 342 1941 expresserit,
367 1844 478 1917 illum
495 1845 670 1945 cogitalie
694 1846 740 1918 da
756 1848 879 1919 verbis
893 1846 1034 1919 Paulli:
1069 1842 1209 1917 Cololl'.

114 1953 169 2031 11,
188 1946 224 2019 8.
246 1950 403 2019 Βλέπετε.
409 1950 454 2039 μή
477 1974 523 2031 τις
551 1945 631 2042 ὑμᾶς
659 1949 745 2019 ἔσται
770 1951 787 2019 o'
803 1952 996 2038 συλαγωγῶν
1011 1949 1061 2017 διὰ
1076 1952 1134 2037 τῆς
1150 1952 1210 2035 (Dt-

114 2049 267 2137 λοσοφίας
284 2050 337 2119 nai
357 2055 446 2137 κενῆς
458 2050 592 2143 ἀπάτης.
632 2052 787 2135 Videte,
815 2077 860 2120 ne
878 2053 957 2145 qais
960 2040 1033 2147 stt,
1060 2051 1124 2144 qai
1139 2072 1210 2121 uos

115 2144 353 2326 Philyophia
363 2140 604 2246 fallaciaque
616 2178 719 2223 vana
736 2154 955 2249 praedetur,
982 2176 1053 2223 neo
1075 2173 1096 2222 a
1118 2172 1209 2221 vera

116 2253 202 2347 Apo
216 2254 290 2324 toli
312 2252 492 2324 sententia
519 2250 723 2337 diaceffiffe3
757 2278 910 2350 pravam
934 2270 1060 2325 autem
1081 2250 1210 2348 phila-

113 2352 301 2450 lophandi
323 2354 509 2427 rationem
525 2378 545 2424 a
565 2358 698 2427 Paullo
716 2355 885 2438 indicari,
913 2380 958 2427 ax
975 2353 1125 2443 adiecta·
1135 2358 1210 2443 κενῇ

116 2457 223 2549 inim
248 2455 332 2527 satis
357 2472 519 2552 apparet.
572 2457 807 2530 Tertulliano
834 2456 898 2527 alii
919 2474 1114 2551 tamquam
1138 2454 1210 2525 ho·

117 2552 187 2630 iles
211 2555 476 2652 Philosophiae
503 2558 781 2659 adiunguntur:
821 2564 1019 2629 Haemus
1052 2554 1102 2627 ob
1126 2560 1210 2625 Δια·

117 2664 233 2753 ouantia
251 2664 315 2731 τῶν
330 2652 395 2737 ἔξω
412 2659 621 2749 φιλοσόφων,
650 2654 858 2760 Irrtfionem
875 2657 1070 2758 gentilium
1083 2654 1211 2751 philo·

66 2825 69 2829 .
107 2754 339 2860 sophorum
379 2764 597 2835 Tauranus
631 2763 682 2834 ob
711 2764 930 2833 Orationem
954 2760 1006 2829 ad
1031 2758 1212 2843 Graecas,

119 2882 197 2957 qua
226 2862 339 2935 etiam
372 2866 601 2935 Graecorum
632 2863 912 2958 Philosophiam
935 2858 1212 2957 prorsueton·

117 2964 257 3037 temnit
271 2981 383 3058 atque
399 2965 590 3058 explodit3
617 2964 730 3036 etiam
745 2970 1046 3045 Htaaommua
1069 2961 1214 3057 quippe

119 3064 185 3160 qui
203 3072 503 3139 Taurunum
522 3065 677 3141 dictum:
703 3059 1215 3164 PhilosophiHaereticoram

118 3166 364 3239 Patriarthoe
393 3165 497 3235 haud
530 3166 684 3239 obscure
716 3164 1000 3262 approbavetit,
1053 3162 1213 3257 quando

121 3268 254 3341 scribat
285 3259 399 3363 Epist.
418 3263 468 3338 43
489 3269 541 3336 ad
567 3262 855 3366 Ctesiphontem,
884 3271 995 3336 Tom.
1013 3268 1074 3334 lv.
1095 3266 1213 3359 Oper.

120 3374 216 3441 Part.
235 3372 269 3441 2.
292 3394 329 3465 p.
344 3364 429 3439 474.
448 3368 534 3439 edit.
555 3368 788 3440 Martianaei
798 3396 810 3438 .·
827 3368 959 3439 Paltre
975 3364 1131 3461 qttidam
1147 3388 1219 3437 no·

118 3462 278 3565 [trorum
302 3474 379 3545 ait:
412 3464 625 3569 Philosophi
648 3468 891 3541 Patriarchae
911 3468 1216 3547 llaereticorum,

121 3570 301 3675 Ecclefiae
319 3580 522 3669 pueritatem
539 3566 708 3670 peruersa
727 3571 959 3643 maculavere
978 3568 1165 3639 doctrina.

120 3752 330 3768 ,σφι-ιη...-

156 3874 184 3937 ’)
206 3869 238 3923 ln
262 3870 376 3927 senium
399 3869 490 3923 huius
510 3866 582 3920 dicti
599 3874 627 3920 et
642 3864 795 3920 veritatem
819 3864 977 3934 inquirunt
993 3862 1026 3917 E.
1046 3860 1136 3917 Sta..
1153 3862 1219 3917 01-

191 3932 1070 4002 antireetha.Raetianataolihellitp.381titalia-

157 4046 199 4106 ”l
219 4044 416 4099 Pinianus
438 4039 559 4094 exhibet
583 4038 636 4091 illa
658 4036 842 4093 coniuntlim
860 4036 1006 4095 Annntal.
1022 4032 1064 4087 od
1084 4032 1218 4089 Tertulli.

188 4112 255 4171 titr.
276 4114 311 4167 eie
328 4110 504 4180 Prael'cript.
519 4108 656 4163 haeretic.
670 4108 741 4179 Gap.
759 4104 822 4165 vlt.
838 4122 867 4176 p.
883 4109 943 4161 285.
