2542 4724
431 275 508 342 cr
538 294 575 389 ¹².-
596 274 712 392 5x1u.
766 271 802 357 a.
832 271 916 347 aa.
961 257 982 317 ³
1065 238 1068 243 ’
1134 270 1212 348 aar

109 456 218 529 illam
240 449 343 550 posse
366 453 414 525 ad
440 455 643 527 colendum
663 462 789 528 Deum
814 456 961 553 aliaque
985 458 1207 554 peragenda,

111 558 264 654 quaein
282 559 365 654 lege
384 557 511 626 divina
528 553 858 651 suntpraescripta.
906 556 1210 633 Exstateiusdem

112 661 344 755 opusculum
363 658 408 726 de
426 656 520 726 hono
539 663 680 757 mortis,
708 661 748 729 in
764 661 922 730 illorum
942 662 1099 756 gratiam
1115 686 1209 733 con·

109 761 311 854 scriptum,
345 759 410 851 qni
440 761 617 852 cupiunt,
654 777 696 829 ut
727 785 793 854 per
823 761 971 833 beatam
998 780 1208 833 mortenia
1253 770 1256 781 '

109 857 291 933 molestiis
308 858 537 954 miseriisque
557 861 781 945 liberentur,
811 887 852 932 ac
879 864 1114 955 praeterhac
1135 862 1207 933 alia

109 962 264 1057 scripta,
291 985 385 1054 quae
409 962 484 1030 huc
508 959 638 1031 referri
664 960 826 1056 possunt.
880 968 1135 1057 Peryenerunt
1157 963 1207 1034 ad

108 1088 185 1136 nos
200 1062 288 1134 libri
313 1061 358 1132 de
376 1063 494 1130 Caino
514 1074 551 1131 et
565 1060 700 1147 Abele,
728 1063 774 1133 de
792 1061 953 1133 Noacho
971 1077 1007 1132 et
1020 1090 1129 1148 arca,
1159 1063 1206 1135 de

108 1162 356 1247 Abrahamo,
384 1162 428 1233 de
447 1156 578 1262 Isaaco
604 1178 641 1233 et
666 1166 812 1248 anima,
841 1163 886 1234 de
903 1162 1042 1234 Iacoho
1065 1179 1102 1235 et
1124 1167 1207 1235 vita

111 1265 244 1348 beata,
271 1263 316 1333 de
336 1257 519 1363 'Iosepho,
549 1263 595 1333 de'
616 1266 787 1346 Davide,
817 1264 862 1335 de
885 1265 970 1334 Elia
999 1279 1035 1334 et
1060 1268 1204 1351 ieiunio,

112 1368 159 1439 de
175 1363 359 1437 Nabutha
378 1367 584 1449 iezraelita,
612 1365 656 1436 de
681 1364 848 1436 Tobios.
875 1359 1049 1465 adversus
1074 1365 1206 1461 foene-

109 1483 266 1539 ratores.
328 1471 455 1560 Quum
484 1466 709 1551 Ambrosius,
733 1467 772 1537 in
803 1467 911 1539 libris
933 1468 991 1537 his
1015 1463 1207 1539 historiam

110 1570 252 1641 sacram
278 1568 323 1639 de
337 1568 560 1639 Patriarchis
585 1587 697 1664 atque
723 1568 805 1640 aliis
830 1568 967 1640 sanctis
984 1568 1207 1640 hominibus

110 1668 280 1745 recenset
305 1687 417 1763 atque
442 1665 618 1753 illustrat,
654 1668 885 1743 occasionem
914 1669 1046 1753 sumit,
1080 1693 1205 1739 exem-

109 1773 175 1868 pla
199 1771 386 1841 virtutum
417 1794 460 1840 ac
485 1770 669 1840 vitiorum
701 1769 900 1841 exhibendi
933 1796 975 1841 ac
1006 1769 1203 1854 methodo,

111 1872 325 1943 doctrinam
341 1873 525 1941 moralem
548 1871 736 1955 tradendi,
761 1872 1050 1969 paradigmatice
1071 1872 1204 1941 utitur.

80 2000 84 2007 ’
110 1973 264 2071 Dignus
280 1968 328 2043 est
352 1968 570 2042 Ambrosrus
586 1973 708 2055 laude,
735 1997 808 2067 qua
825 1978 955 2043 Genu.
974 1978 1052 2041 Tu.
1067 1977 1206 2042 Mam·

111 2098 190 2146 nus
209 2074 417 2143 Introduct.
436 2077 472 2143 in
490 2067 641 2171 univers.
660 2072 769 2144 theol.
781 2064 1099 2169 morahstudium.
1117 2079 1204 2169 Cap.

111 2180 177 2245 XI.
204 2179 238 2265 §.
260 2177 317 2247 18.
342 2200 427 2244 eum
444 2176 494 2243 ita
516 2192 645 2245 ornat:
685 2175 896 2244 Imitandus
922 2165 972 2269 est
994 2165 1206 2271 Ambrofius

109 2278 149 2347 in
165 2276 335 2361 dictione,
367 2279 403 2344 in
411 2270 611 2374 sententiis,
636 2279 673 2345 in
690 2278 974 2370 interpretandis
990 2276 1200 2371 Scripturis,

112 2380 152 2447 itt
171 2381 318 2447 ratione
340 2378 557 2472 excerpendi
580 2391 616 2446 et
641 2378 866 2473 compilandt'
885 2370 1019 2471 scrinia
1045 2377 1206 2449 aliorum

111 2478 331 2561 doctorum,
359 2480 394 2546 in
423 2479 535 2548 modo
565 2481 756 2549 tractandi
779 2484 821 2550 τὰ
846 2477 964 2569 ἠθικὰ,
990 2492 1027 2548 et
1051 2478 1207 2570 denique

111 2582 150 2651 t'n
168 2583 271 2650 omni
282 2572 356 2679 sua
373 2582 464 2649 vita.
503 2578 704 2679 'Theologr'
725 2581 888 2664 moralis,
912 2573 1127 2678 praesertim
1144 2576 1206 2649 uhi

110 2684 392 2777 paraeneticum
415 2683 521 2777 agit,
548 2681 659 2751 dictio
676 2670 730 2776 fit
754 2674 940 2778 modesta,
963 2685 1024 2776 pie
1045 2680 1206 2751 iucunda

112 2796 151 2854 et
171 2782 282 2855 civilis
301 2773 432 2881 neceffc
455 2772 525 2877 est,
554 2797 593 2851 ut
611 2782 700 2853 aliti
716 2784 959 2854 declaratum.
1011 2788 1098 2852 Iam
1116 2804 1205 2852 vero

112 2883 265 2954 dictioni
278 2874 550 2979 Ambrofianoe
565 2872 666 2981 adest
681 2876 859 2981 modestia
878 2886 1064 2979 quaedam
1079 2908 1124 2953 ac
1138 2886 1224 2977 pia·

112 2985 342 3081 ipcanditas,
374 2999 563 3081 grataque
592 2987 767 3070 civilitas,
803 3000 845 3056 ut
873 2987 933 3056 vet
963 2984 1033 3056 hoc
1058 2989 1207 3057 nornine

109 3088 246 3157 merito
263 3077 475 3181 Arnhrofius
495 3087 639 3157 audiat.
689 3089 845 3171 Deinde,
872 3089 924 3157 nil
939 3111 1054 3183 aeque
1072 3090 1206 3157 animis

111 3178 244 3277 nostris
262 3186 408 3269 haeret,
436 3212 482 3257 ac
497 3181 705 3287 sententiae
726 3204 861 3288 argute
879 3191 1020 3273 dictae,
1046 3213 1206 3282 quarum

109 3303 312 3385 propterea
329 3280 478 3386 infignis
502 3280 552 3384 est
577 3283 658 3391 usus
681 3293 717 3360 in
739 3296 818 3362 vita
843 3306 879 3362 et
903 3288 1065 3362 moribus
1089 3289 1207 3361 honri·

112 3414 203 3459 num
219 3390 437 3487 formandis
456 3415 500 3458 ac
523 3394 701 3488 regendis·
751 3394 910 3463 Illorum
926 3387 1092 3489 summus
1116 3394 1208 3462 arti·

106 3489 182 3591 fex
200 3493 260 3563 vet
281 3493 397 3589 vulgo
422 3488 633 3586 perhibetur
657 3498 814 3579 Seneca,
842 3499 900 3564 eui
925 3510 1051 3563 tamen
1075 3490 1147 3563 hac
1167 3494 1206 3561 in

111 3616 153 3662 re
172 3592 441 3689 praeferendus
462 3583 583 3684 noller
604 3588 834 3689 Anthrofim,
868 3597 967 3690 quod
989 3595 1135 3663 mollior
1160 3613 1208 3660 ac

100 3686 274 3793 sedatior
298 3695 456 3764 incedat.
511 3695 722 3767 Sententiae
748 3699 911 3791 loquitur
937 3695 1044 3767 melle
1067 3717 1112 3761 ac
1135 3717 1206 3786 pa·

109 3814 251 3891 pavere
265 3788 436 3895 sparsas,
463 3796 613 3868 melleas
629 3793 964 3899 perpetuosenrper
978 3784 1208 3890 digniffimas

109 3896 203 3965 trita.
257 3897 436 3992 Quamvis
451 3897 636 3969 Ambrosii
653 3925 722 3970 nec
731 3924 887 3971 acumen
898 3923 966 3970 nec
979 3895 1205 3991 magnitudo

111 3996 259 4093 ingenii
276 3997 485 4068 admodum
503 3996 546 4068 srt
560 4000 767 4086 laudanda
795 4003 840 4072 de
860 4023 1010 4072 morum
1036 3995 1208 4067 doctrina

113 4113 243 4171 temen
265 4097 359 4172 bene
376 4098 534 4187 meruit,
562 4124 791 4199 quamquam
810 4126 892 4177 non
910 4119 990 4177 tarn
1003 4096 1044 4171 iu
1061 4096 1207 4171 summa
