2542 4724
117 288 195 365 aaa
439 252 585 369 cae·
617 283 699 379 XV·
750 277 786 367 §-
811 271 917 377 154...

115 500 169 548 ne
179 474 221 545 in
240 468 469 567 exemplaria
486 460 660 540 incidant
675 464 842 566 maligne
858 485 1046 566 corrupta
1064 486 1101 544 et
1115 471 1205 545 adul·

115 593 254 659 terata,
280 572 389 645 stmul
411 596 460 642 ne
484 567 606 665 spuria
627 592 698 664 pro
724 573 853 660 γνησίοις
881 574 1136 685 acgermauis
1150 598 1206 646 vo·

69 724 74 737 ·
115 675 327 751 luminibus
345 667 630 767 amplectantur.
682 668 724 759 4)
750 670 1083 746 Consultishmum
1098 673 1206 762 fuerit,

116 775 301 851 studiosos
312 773 492 868 auspicari
500 771 702 843 lectionem
715 788 797 842 tum
815 775 1123 869 ascriptoribus,
1138 796 1207 849 tutu

117 878 258 949 alibris
282 874 536 957 facilioribus,
564 872 632 964 qui
653 872 833 947 nimirum
862 877 1069 969 materiam
1095 880 1204 950 minu

115 979 270 1049 arduam
290 994 325 1047 et
343 976 561 1046 involutam
579 991 818 1067 pertractant,
836 975 876 1044 in
894 976 1041 1071 quibus
1061 978 1205 1051 docenii

113 1079 211 1151 ratio
232 1078 397 1173 apertior
418 1071 510 1153 inest
537 1092 573 1144 et
589 1072 828 1160 familiarior,
855 1100 1032 1171 quorum
1060 1080 1204 1177 deniqne

90 1202 93 1213 ’
116 1179 288 1277 cognitio
308 1179 395 1272 plus
412 1164 586 1275 ulilitatis
608 1176 771 1247 creditur
787 1177 967 1270 paritura.
1027 1182 1203 1279 Quamob-

110 1284 415 1351 reerrnnrus
436 1277 651 1375 theologiae
662 1277 870 1355 candidato
892 1278 1026 1374 primo
1044 1284 1135 1356 loco
1151 1282 1203 1355 ob·

16 1392 25 1409 “·
113 1381 282 1453 truderet
296 1405 344 1450 ex
362 1352 533 1450 Patribtis
554 1380 798 1477 Cypriorum,
825 1381 1011 1474 proxime
1025 1376 1201 1483 Bafilim,

109 1481 200 1552 inde
215 1478 507 1564 Nazianz'cunm,
535 1488 623 1551 tum'
636 1470 952 1578 Chrysostomum,
981 1509 1076 1557 cum
1095 1488 1135 1557 hi
1148 1510 1201 1582 po·

109 1582 233 1679 pulari
257 1581 417 1653 docendi
449 1582 596 1683 ratipne
621 1584 762 1653 anteire
785 1599 948 1656 cunctos
974 1604 1199 1680 putarentur.

110 1680 197 1757 Post
224 1684 295 1754 hos
317 1672 589 1781 Augustinum,
621 1684 917 1781 Hieronymum,
955 1680 1196 1787 Ambrosium,

110 1783 307 1883 origenem
332 1803 572 1879 caeterosque
595 1807 666 1879 pro
701 1780 855 1865 arbitrio
882 1786 1080 1885 legendos
1112 1814 1195 1862 con·

109 1886 264 1958 mendat
286 1903 321 1957 et
340 1887 558 1960 committit.
610 1890 670 1956 Ex
694 1885 825 1957 mtrltis
845 1904 980 1961 autem
1007 1890 1195 1963 horumli

105 1985 236 2071 bellis,
264 2008 301 2057 et
324 1974 427 2082 prius
453 2005 490 2058 et
516 1986 653 2057 maiori
678 2011 766 2058 cura
791 1986 937 2084 semper
963 1992 1191 2064 excutienda

11 2152 15 2163 .
80 2087 176 2161 esse
192 2087 330 2173 censet,
359 2089 424 2184 qui
447 2089 637 2161 breviores
664 2088 858 2186 magisque
876 2092 1003 2185 pervii
1035 2092 1190 2177 exiliunt,

105 2209 217 2286 atque
235 2200 304 2260 ma'
322 2189 352 2260 is
372 2189 650 2273 accommodati
667 2190 847 2284 praesenti
867 2192 1125 2267 Eccleliarum
1138 2192 1188 2267 fit·

102 2293 172 2363 tui.
226 2215 445 2362 Diflicilium
464 2316 553 2362 vero
571 2291 757 2362 librorum
783 2308 820 2363 et
837 2316 998 2379 eorum,
1028 2300 1099 2393 qui
1116 2315 1188 2368 teu·

101 2416 197 2489 pore
229 2417 308 2462 non
344 2393 498 2486 perinde
531 2408 767 2491 congruunt,
811 2393 1026 2468 lectionem
1060 2394 1185 2470 differre

99 2492 206 2565 iubet
237 2494 277 2563 in
305 2511 452 2588 ternpus
485 2495 603 2590 magis
633 2512 908 2587 opportunum.
978 2499 1029 2589 5)
1064 2504 1183 2596 Operae

98 2595 261 2691 pretium
293 2592 360 2678 est,
409 2595 608 2691 diligenter
640 2595 800 2688 expendi
831 2597 1024 2694 cuiusque
1057 2600 1181 2701 genuit

99 2697 243 2792 operis,
271 2695 345 2765 hoc
363 2692 430 2780 est,
457 2713 734 2793 argumentum,
762 2694 835 2767 five
853 2697 899 2767 de
917 2712 998 2794 qua
1015 2700 1181 2774 reinseri·

96 2796 227 2879 batur,
255 2814 366 2892 atque
385 2795 559 2867 formam.
612 2798 762 2868 Etenim
790 2799 860 2869 hac
885 2801 951 2871 via
975 2805 1119 2877 rectius
1138 2805 1178 2873 iu·

94 2899 300 2996 telligitur,
327 2898 419 2992 quid
443 2900 482 2967 in
509 2897 701 3001 progressu
718 2897 761 2969 fit
778 2899 1100 2994 exspectandum,
1124 2905 1176 2976 de

92 2999 171 3071 rius
197 2998 407 3084 videbitur,
436 3024 547 3095 quem
571 3002 617 3071 ad
638 3001 795 3094 scopum
821 3003 955 3074 onmia
982 3005 1175 3105 dirigantur

92 3119 130 3172 et
146 3125 240 3171 num
258 3097 430 3172 instituto
453 3101 603 3184 serviat,
632 3127 679 3172 an
699 3100 821 3185 secus;
849 3125 1047 3197 praeterea
1066 3110 1111 3180 de
1125 3130 1173 3177 au·

90 3203 187 3274 toris
221 3202 400 3300 ingenio,
437 3202 481 3272 de
506 3203 649 3276 viribus
683 3201 724 3272 in
753 3203 953 3290 docendo,
989 3208 1172 3281 dicendort

88 3302 274 3373 iudicium
291 3304 427 3374 rectius
445 3298 690 3400 fieri'poterit.
744 3303 786 3393 6)
802 3308 969 3379 Perutile
986 3306 1117 3393 fuerit,
1130 3312 1170 3378 in·

87 3399 267 3502 vestigare
286 3421 435 3500 tempus
454 3404 760 3490 croccafionem,
786 3431 859 3502 qua
886 3428 989 3503 opus
1010 3413 1168 3506 quodque

88 3506 290 3577 conditum
315 3503 377 3591 fit3
413 3507 491 3576 imo
522 3509 605 3602 quis
638 3533 763 3579 rerum
784 3504 918 3594 status,
952 3512 1166 3584 maximeia

75 3606 255 3689 ,Ecclesris
281 3624 364 3677 tum
381 3606 514 3691 fuerit,
542 3635 628 3681 cunr
655 3609 750 3680 illud
774 3608 1011 3682 scriberetur.
1064 3620 1164 3684 Inert-

87 3706 220 3792 dibile,
249 3726 428 3803 quantam
447 3710 568 3779 lucem
594 3711 640 3782 ad
666 3728 764 3782 recte
787 3713 1033 3807 percipienda
1054 3716 1162 3808 {capu

81 3812 256 3892 Petrum,
292 3808 538 3881 consideratio
571 3808 684 3884 status
720 3812 903 3884 Ecclesiae
933 3811 981 3884 fit
1015 3819 1160 3887 allatura

80 3910 122 4001 7)
137 3911 280 3982 Merito
306 3910 417 3982 etiam
446 3912 736 3997 attendendum,
765 3914 865 4008 apud
893 3941 1015 4010 quos,
1050 3920 1106 3991 vel
1126 3910 1159 3983 ai

81 4035 198 4107 quos,
233 4012 294 4082 vel
316 4012 427 4083 etiam
448 4012 493 4084 de
513 4015 650 4108 quibus
669 4014 792 4086 oratio
818 4010 1051 4090 instituatur.
1098 4022 1157 4088 ua

77 4134 172 4185 vum
188 4135 269 4187 non
286 4109 347 4202 est,
365 4112 555 4188 sermones
571 4114 729 4190 subinde
747 4120 948 4212 temperari
964 4144 1039 4216 pro
1053 4116 1154 4217 perit
