2542 4724
78 257 189 379 ,602ΙΙ
268 351 271 356 ¹
431 254 584 333 Cre.
620 260 667 331 X.
718 228 933 348 §.tots

98 488 101 493 ·
192 441 235 537 9)
257 447 295 517 E
302 446 593 528 unomionos,
608 447 804 515 Btsmus
814 446 987 540 Magnus
1004 444 1187 517 inAntir·

42 594 48 601 -
90 541 229 629 rhetico
247 547 333 617 adv.
351 549 506 641 impium
519 545 746 618 Eunornium
758 544 1075 642 (trruhnunieroir
1092 551 1187 619 'Arro-

90 644 266 736 λογητικοῦ
284 649 344 719 τοῦ
362 649 529 732 δυσσεβοῦς
549 645 797 737 Ἐυνομίου)*),
823 647 863 717 in
881 647 1049 743 quinque
1064 648 1186 721 libros

94 745 235 833 diviso,
263 770 429 843 quorum
452 765 527 820 tres
552 746 695 842 priores
716 748 861 819 maiore
877 749 1119 821 accuratione
1131 767 1187 821 at·

92 871 167 943 que
180 845 361 921 industria
378 848 505 943 scripti
519 848 617 931 sunt,
639 864 753 941 quant
770 847 846 919 duo
863 848 1008 944 reliqui,
1031 847 1186 924 fortass'e

93 972 136 1021 ea
162 973 208 1021 ex
239 946 377 1035 oauffa,
404 950 492 1045 quia
523 949 671 1020 auctori
699 948 851 1021 animus
882 947 982 1034 fuit,
1008 950 1069 1023 his
1091 948 1185 1025 istos

90 1046 265 1145 supplere
298 1074 341 1123 ac
371 1049 614 1146 perfectiores
648 1048 811 1122 reddere.
865 1055 924 1123 Ex
953 1052 1024 1125 hac
1051 1051 1186 1125 saltem

93 1148 389 1223 diffimilitudine
405 1147 568 1238 nonest,
595 1149 702 1248 quod
718 1174 804 1222 cum
818 1154 1018 1225 nonnullis
1036 1153 1185 1227 conieo·

91 1268 217 1331 turam
227 1250 421 1339 faciamus,
436 1254 507 1324 hos
523 1248 747 1345 posteriores
762 1253 882 1326 libros
899 1251 1063 1325 aBafilio
1079 1254 1185 1327 haud

90 1352 287 1448 profectos
304 1352 384 1427 effe.
436 1352 497 1425 Ad
518 1350 697 1448 scriptum
719 1352 795 1425 hoc
809 1352 933 1425 Basilii
951 1353 1183 1453 impugnan-

50 1468 54 1477 '
91 1453 186 1525 dum
203 1479 322 1549 quum
337 1444 567 1527 Eunonirus
593 1455 779 1541 Ἀπολογίας
803 1456 977 1544 inuio-psov
998 1456 1041 1526 in
1056 1458 1183 1528 lucem

91 1553 278 1641 edidiffet,
302 1553 457 1629 Basilius
489 1573 616 1629 autem
645 1554 764 1627 vitam
797 1552 1060 1629 commutasset
1092 1582 1182 1630 cum

89 1674 226 1740 morte,
254 1673 439 1728 certamen
458 1654 614 1751 suscepit
631 1661 880 1727 Gnnconws
898 1650 1004 1757 Nyff.
1019 1658 1062 1728 in
1082 1660 1181 1731 Oro·

90 1754 254 1828 tionibus
270 1755 296 1828 s.
313 1755 418 1828 Libb.
431 1760 536 1827 XIII
545 1772 676 1827 contro
686 1758 921 1841 Eunoruium,
942 1782 1040 1853 quos
1053 1760 1180 1849 Λόγους

87 1855 317 1952 ἂντιρῥητικοὺς
344 1860 518 1954 appellat
568 1863 715 1930 Praeter
728 1856 845 1944 alios,
873 1884 1038 1954 quorum
1053 1878 1181 1934 tamen

87 1957 208 2030 libros
224 1959 360 2031 iniuria
378 1959 559 2054 temporis
574 1959 686 2031 nobis
702 1956 870 2046 abstulit,
897 1963 1180 2036 Eunomianam

87 2057 253 2133 haerefin
277 2059 494 2158 profligavit
514 2066 771 2133 Gunoonrus
794 2066 977 2133 Nazianz.
999 2063 1043 2134 in
1068 2062 1178 2161 quin·

87 2166 163 2256 que
185 2179 252 2233 aut
267 2180 441 2257 quatuor,
468 2160 495 2232 fi
511 2163 632 2256 prima
650 2188 719 2258 pro
736 2161 971 2259 praefatione
984 2166 1176 2252 habeatur,

90 2262 332 2337 Orationibus
362 2264 408 2334 de
444 2261 673 2360 Theologia,
711 2264 847 2360 quibus
881 2272 1013 2337 contra
1046 2272 1177 2341 Euno-

85 2363 235 2437 mianos
253 2382 290 2436 et
305 2363 604 2436 Macedonianos
621 2364 796 2460 disputat.
814 2363 876 2457 Μ)

181 2499 1173 2594 10)Μαεεᾱοηἰανιοε,ΑΤΗΛΝΑειυε,ἰηῑετοιιίιιε

84 2601 239 2699 scripta,
267 2601 314 2673 ad
328 2624 402 2672 nos
426 2602 564 2686 delata,
591 2602 723 2673 locum
745 2619 875 2672 tenent
898 2595 1091 2701 Epistolae
1112 2612 1178 2679 IV

85 2704 134 2775 ad
151 2709 403 2802 Serapionem,
426 2726 584 2795 quarum
608 2703 739 2798 prima,
760 2701 867 2774 tertia
891 2722 927 2773 et
945 2724 1076 2801 quarta
1094 2710 1173 2783 vin·

85 2805 417 2880 diciasdivinituis
429 2804 587 2900 Spiritus
598 2808 631 2875 S.
643 2802 949 2875 nobisexhibent.
982 2810 1173 2911 Dialogos

83 2909 177 2980 duos
195 2925 326 2980 contra
346 2906 654 2990 Macerioninnos,
673 2905 739 3000 qui
765 2921 801 2974 et
816 2906 1008 2979 Athanasii
1029 2935 1170 2985 nomen

80 3008 310 3105 praeferunt,
329 3023 623 3078 monumentum
641 3006 721 3076 eius
735 3004 805 3077 effe
821 3005 923 3076 haud
934 3032 1168 3107 germanum,

81 3112 221 3181 eruditi
243 3107 324 3183 Viri
357 3107 604 3204 argumentis,
638 3130 720 3177 non
746 3110 1053 3195 contemnendis,
1085 3138 1170 3209 pro·

79 3209 254 3302 bant.***)
267 3204 468 3283 Athanasio
480 3207 634 3307 adiungi
643 3209 959 3281 debetssrsnnrs
973 3211 1169 3290 oblibrum

81 3316 129 3390 de
144 3318 285 3413 Spiritu
308 3315 347 3384 S.
365 3311 417 3381 od
433 3308 756 3406 Amphilochium,
788 3311 1078 3389 Macedonianis
1103 3340 1167 3413 op·

80 3482 292 3504 μ

112 3576 140 3643 θ)
158 3572 317 3627 Functus
334 3569 410 3626 But.
428 3586 476 3646 gr.
495 3569 548 3639 iX,
563 3576 624 3631 211.

109 3672 150 3739 ⁰⁶)
167 3666 330 3737 Scriptores
355 3672 466 3721 veteres
491 3673 592 3721 contra
609 3663 830 3721 Eunomianam
852 3664 985 3720 heerehn
1013 3672 1165 3723 enemente

144 3736 303 3815 anntorus
333 3733 474 3789 Bittiorh.
503 3751 601 3808 groec.
626 3734 686 3794 lx,
713 3736 774 3792 208.
804 3742 832 3787 ei
858 3736 990 3788 Voorrus
1026 3735 1164 3814 BibIr'oth.

143 3800 763 3995 uunrtruinterpe-
781 3802 1018 3941 uranu

144 3942 246 4013 Gasch.
264 3957 295 3995 u.
313 3942 410 3996 Lehre
427 3941 456 3993 d.
475 3940 657 3997 Eunonnus.
721 3941 754 3995 il.
775 3946 849 4000 1888.
868 3946 893 4000 8.
925 3946 957 4006 (8
973 3944 1031 4015 gr.)

107 4040 166 4104 W)
184 4038 345 4091 Arutrtsn
364 4035 487 4105 Fragm.
499 4038 612 4089 'contro
630 4034 868 4093 Macedonicum
883 4035 980 4092 edidit
998 4032 1165 4097 Momm·

123 4118 245 4168 'oorrus
264 4100 384 4163 Colloct.
401 4122 472 4181 nov.
489 4103 621 4162 Petrum
639 4106 663 4175 1,
681 4110 741 4165 1⁰2·
