2542 4724
87 281 170 365 780
414 270 503 351 cae
530 293 567 349 r.
600 272 683 349 xv,
735 268 770 365 ς,
798 264 892 347 147,Ι

93 488 250 549 warrrm
278 426 556 544 diffeniiorium,
584 455 826 541 dubiteitiae,
849 453 1200 531 inconstantiaett.

99 590 175 667 que
189 564 411 660 imperitiae.
464 561 548 632 Alia
566 559 740 656 adiungit
756 560 902 631 Auctor
917 577 1038 655 atque
1054 584 1102 631 ex
1114 559 1195 643 iffi„

101 672 149 743 de
182 691 255 762 qua
292 656 446 746 differte,
480 660 659 732 Eccleiiae
689 664 802 731 Rom.
835 664 1093 733 reverentiam
1117 682 1197 759 erga

96 777 224 845 Patres
257 753 456 835 stibdolam
487 762 619 833 itidem
651 761 799 856 probat,
832 762 1065 835 Pontificioa
1099 763 1197 858 saepe

96 862 361 947 irieverenter',
397 862 577 933 iniuriose
610 886 652 933 ae
683 862 911 953 contemtim
942 864 992 935 de
1026 864 1195 935 Patribus

93 969 223 1063 loqui3
250 990 315 1036 eos
329 964 488 1060 impios,
515 964 684 1046 audaces,
708 964 948 1050 temerarios,
974 966 1195 1037 Haeretieos

99 1087 138 1141 et
153 1067 417 1141 Schismatioos
435 1089 589 1150 vocare,
614 1064 687 1137 sese
709 1065 872 1161 suosque
892 1067 1111 1162 Scriptores
1126 1065 1194 1138 iltis

102 1192 339 1263 comparare,
372 1167 594 1261 adaequare,
627 1164 812 1261 praeferre
843 1170 1040 1255 actione,
1073 1187 1122 1241 ut
1144 1166 1195 1239 illi

104 1270 277 1341 dicantur
295 1273 422 1340 Patres
439 1286 551 1363 atque
565 1268 772 1340 orthodoxi
779 1293 792 1351 3
816 1262 907 1339 it'em
927 1271 1090 1343 eosdem
1106 1277 1196 1343 Pon·

97 1370 239 1442 tificios
255 1374 408 1441 Petrum
425 1369 558 1469 scripta
575 1394 617 1441 rc
627 1370 746 1445 libros
764 1369 953 1455 damnare,
980 1374 1192 1467 prohibere,

101 1469 264 1556 castrare,
290 1472 431 1543 variare
448 1489 484 1545 et
503 1496 726 1570 expurgare3
752 1482 873 1567 neque
888 1471 1190 1548 inlibrosmodo

69 1602 76 1611 ·
99 1579 267 1656 Parrum,
298 1571 361 1644 sed
391 1589 428 1646 et
456 1574 496 1649 in
527 1573 630 1667 ipsos
662 1593 817 1669 quoque
838 1578 966 1649 Patres
992 1576 1192 1673 iuratque

96 1675 292 1747 arbitrium
322 1670 390 1743 fibi
413 1696 605 1772 arrogare:
631 1680 757 1751 Patres
781 1673 880 1770 ipsos
905 1693 952 1749 ut
969 1682 1190 1753 Haereticot

95 1776 357 1859 condemnare,
392 1799 480 1851 curn
503 1776 668 1877 antiquie
692 1775 876 1853 damnatis
893 1781 1116 1854 Haereticis
1137 1808 1191 1855 ex·

97 1879 247 1951 ieerarit
275 1900 295 1949 a
320 1877 592 1951 communione
617 1903 703 1951 cum
730 1874 888 1963 Ecclesia
912 1880 1111 1957 catholica
1137 1910 1190 1957 ex·
1224 1888 1226 1987 i

98 1980 266 2053 eludere:
294 1978 476 2089 quinimo
492 1978 625 2074 inipso,
640 1978 952 2074 quoqueinferno
965 1999 1003 2054 et
1021 1986 1190 2083 gehenne

97 2106 185 2154 oum
203 2081 388 2153 damnatis
402 2078 529 2176 impiis
552 2098 589 2151 et
609 2080 782 2153 Diabolis
798 2084 996 2155 collocare.
1059 2088 1189 2161 Omnia

94 2185 187 2263 haee
208 2208 287 2255 non
313 2183 435 2253 solum
461 2182 650 2269 dicuntur,
677 2180 877 2255 sedetiam
903 2204 1086 2261 accurate
1107 2214 1190 2287 pro·

93 2284 232 2357 bantur
252 2310 319 2379 per
343 2278 572 2367 testimonia,
597 2306 694 2379 quae
719 2310 764 2356 ex
785 2284 871 2379 ipfis
891 2286 1189 2365 Pontificiorum

91 2386 196 2458 libris
215 2386 332 2455 sumta
353 2384 436 2455 sunt
452 2401 563 2478 atque
580 2412 733 2459 omnem
747 2386 860 2458 fidem
878 2412 967 2482 prae
983 2390 1023 2461 se
1039 2394 1186 2467 habent.

91 2484 245 2560 Aoceffit
268 2487 436 2557 eiusdem
455 2489 637 2559 auctoris:
664 2491 792 2558 Brevis
815 2492 1022 2559 Tractarus
1041 2496 1186 2569 devera

93 2614 140 2662 oe
165 2590 354 2687 legitimo,
379 2612 475 2682 quae
491 2591 529 2657 8.
553 2588 767 2684 Scripturas
781 2603 818 2659 et
833 2616 929 2686 quae
945 2595 984 2662 S.
1008 2596 1186 2669 Patribus

92 2704 205 2785 atque
226 2690 373 2765 iliorum
390 2684 542 2793 scriptis
565 2688 733 2775 debetur,
757 2695 1005 2778 auctoritate,
1035 2696 1184 2783 horrore,

90 2792 314 2874 reverentia,
346 2814 393 2867 ex
422 2785 583 2888 ipsorum
612 2797 772 2873 Parrum
803 2793 908 2871 dictis
936 2802 1186 2871 concinnatur

79 2885 281 2994 solidisque
322 2890 528 2967 rationibus
560 2892 823 2991 comprobatus
856 2909 970 2991 atque
1006 2901 1048 2969 in
1089 2902 1184 2975 XXI

88 2986 360 3091 Propofitiones
380 2984 586 3090 distinctus,
602 2999 794 3068 reiectione
808 3020 975 3069 errorum
999 2998 1183 3104 Ecclesiae

88 3102 197 3171 Rom.
215 3084 493 3193 circastnguias
510 3089 787 3196 proposttiones‚
813 3116 1046 3173 meinorato.
1101 3114 1181 3181 Sen-

88 3198 246 3274 tentiam
286 3220 413 3271 veram
444 3196 728 3271 catholicorum
761 3199 807 3271 de
837 3202 1092 3279 Auctoritate
1125 3214 1177 3281 SS.

86 3304 239 3376 Petrum
270 3317 472 3399 praeeunte
505 3304 750 3375 Vmcattrlo
786 3294 976 3397 Lirinenfi,
1005 3307 1047 3377 in
1074 3308 1177 3381 Com·

86 3402 215 3472 monit.
240 3404 327 3494 Cap.
351 3400 411 3472 39.
438 3400 496 3475 his
511 3402 634 3474 verbis
651 3402 827 3497 exprimit
841 3407 1001 3479 snm.
1031 3415 1175 3483 Wnrsr

84 3492 261 3593 instituti.
280 3500 418 3595 patrol.
436 3502 469 3592 §.
489 3500 578 3578 319.
634 3504 745 3604 Quod
768 3500 836 3576 SS.
855 3507 998 3578 Patres
1017 3512 1057 3579 in
1075 3512 1175 3584 rebar

71 3598 172 3703 fidei
182 3614 218 3675 et
234 3624 381 3676 morum
391 3597 559 3702 consensu
575 3606 730 3679 tradunt
743 3607 920 3687 unanimi,
939 3602 1172 3709 certrffimum

86 3695 146 3801 est,
171 3704 358 3796 eidemque
383 3702 575 3803 refragari
598 3709 733 3778 nernini
757 3705 852 3791 licet,
874 3722 993 3802 atque
1010 3715 1050 3781 in
1066 3738 1171 3811 expo·

86 3808 211 3881 uendit
243 3808 309 3878 88.
337 3804 456 3881 Libris
486 3810 629 3901 pariter
659 3798 888 3905 infistenrium
912 3800 963 3904 est
991 3808 1170 3915 consensui

84 3930 212 3981 eorum
236 3909 414 3991 unanimi,
430 3894 468 4003 fi
490 3931 578 3979 vero
601 3932 675 3978 non
693 3903 933 4010 consentiant,
952 3912 1105 3987 licitum
1119 3906 1169 4014 esi.

86 4011 199 4080 etiam
231 4012 267 4079 in
298 4001 566 4109 quaestionibus
585 4006 686 4113 fidei
716 4026 752 4085 et
777 4034 945 4099 morum,
973 4014 1027 4091 ab
1052 4022 1170 4093 iisdem

81 4114 256 4187 recedere.
