2542 4724
79 268 158 347 584
298 296 301 305 ·
409 236 573 341 'can
608 268 655 335 x
707 261 858 355 §.tot

142 385 148 395 ⁶
554 449 590 543 §.
621 450 705 522 101.

145 710 149 717 Ι
183 622 320 695 Patres
348 616 447 697 sacri
471 614 626 692 ordinis
651 640 736 690 non
758 611 889 711 solum
913 630 1056 692 contra
1082 640 1175 718 geu·

82 736 144 797 tes
167 720 212 795 su
243 717 473 808 erstitiosas,
500 716 570 791 sed
600 718 720 790 etiam
743 732 882 791 contra
903 720 1090 809 Iudaeos,
1115 719 1175 793 in·

83 749 317 897 fenfiffipmos
340 819 549 918 religionis
577 808 809 891 christianae
836 816 992 905 hostes,
1022 844 1176 921 pugna·

84 939 200 1009 runt,
228 946 387 995 errores
406 945 550 993 eorum
571 944 615 992 ac
636 916 863 992 detestanda
880 919 1068 993 convicia
1086 946 1177 1021 pro·

78 1020 297 1123 ‚ssigarunt,
318 1019 476 1097 'Christi
501 1018 687 1119 dogmata
719 1034 836 1116 atque
864 1018 1043 1095 instituta
1067 1047 1174 1112 vera,

84 1139 194 1209 recta
223 1133 340 1221 atque
365 1122 517 1222 optima
541 1116 638 1209 elle,
673 1117 944 1196 ostenderunt.
1005 1124 1108 1197 Eam
1134 1122 1177 1197 iu

83 1249 172 1300 rem
190 1223 316 1297 multa
335 1223 526 1319 variaque
544 1217 688 1320 scripta
712 1219 1050 1320 composuerunt,
1079 1248 1176 1319 quo·

37 1388 43 1399 .
83 1322 178 1400 rum
209 1325 283 1398 alia
309 1321 539 1398 conservata
566 1337 683 1419 atque
707 1321 751 1395 iu
774 1321 909 1395 lucem
935 1322 1043 1398 edita
1073 1322 1173 1412 sunt,

87 1426 162 1499 alia
177 1451 300 1499 manu
317 1440 472 1497 exarata
487 1422 796 1503 inBibliothecis
813 1418 1079 1511 asservantur,
1103 1424 1174 1497 alia

86 1522 262 1623 denique
290 1514 541 1598 interierunt.
596 1529 707 1627 Quae
732 1521 782 1596 ad
808 1538 977 1597 aetatem
1000 1524 1173 1600 nostram

83 1640 360 1742 pervenerunt
379 1651 422 1698 ac
439 1624 573 1698 lucem
592 1625 797 1725 publicam
812 1621 1101 1725 adspexerant,
1132 1627 1173 1701 in

84 1726 251 1801 1llorum
270 1750 442 1800 numero
457 1721 566 1801 sunt:

186 1869 349 1936 lus‘rntu
372 1868 493 1935 Mart.
518 1865 710 1962 Dialogus
734 1886 764 1934 c.
792 1861 996 1961 Tryphone
1018 1865 1169 1953 Iudaeo,

84 1962 151 2061 qui
176 1965 440 2058 complectitur
468 1965 724 2061 colloquium,
759 1963 892 2060 Ephesi
922 1990 1010 2037 cum
1036 1968 1171 2041 Iudaeo

82 2090 149 2163 per
160 2065 255 2137 duos
266 2066 343 2137 dies
353 2066 522 2139 habitum
533 2069 628 2139 circa
644 2061 786 2150 a.150.,
812 2082 898 2139 etut
909 2064 1173 2165 IustinuoTry·

83 2167 206 2263 phoni
229 2166 466 2261 promiserat,
496 2168 541 2238 ab
569 2164 639 2239 isto
666 2168 800 2239 litteris
823 2168 1058 2243 mandatum.
1111 2172 1173 2245 ni·

85 2286 210 2339 catum
226 2269 323 2339 illud
340 2275 473 2341 Marco
492 2269 640 2341 cuidam
657 2269 859 2362 Pompeio,
888 2293 1000 2365 quem
1016 2276 1175 2358 (pallum

86 2372 248 2464 appellat
274 2389 311 2441 et
331 2388 443 2464 quem
459 2376 517 2441 Io.
536 2376 578 2441 E.
597 2376 778 2441 Galama
802 2374 907 2441 Tom.
925 2376 979 2442 ΙΙ.
999 2376 1171 2475 Spicileg.

84 2495 122 2564 p.
136 2470 217 2542 160.
228 2471 392 2556 coniicit,
420 2469 527 2543 soille
536 2473 602 2543 illo
617 2489 787 2565 tempore
801 2470 1031 2565 Episcopum
1042 2478 1173 2549 Hiero·

86 2571 370 2662 solymitanum.
398 2579 442 2645 In
457 2572 1174 2669 duaspartesDialogumhancdivisum

84 2670 153 2744 elle
178 2696 219 2743 ac
243 2674 378 2767 prioris
401 2692 632 2752 extremum,
659 2669 873 2769 posterioris
897 2673 1054 2748 initium
1076 2702 1174 2751 nunc

88 2771 302 2859 desiderari,
337 2795 483 2868 praeter
508 2780 780 2847 Srcuunorunr
809 2775 848 2844 in
878 2776 982 2847 notis
1010 2778 1175 2851 animad-

85 2875 199 2945 vertit
216 2880 394 2948 Gnnmus
411 2879 435 2948 l.
447 2903 477 2950 c.
528 2882 619 2948 Non
639 2876 703 2945 diu
722 2893 807 2947 ante
825 2876 1050 2968 martyrium
1070 2880 1174 2953 suum

85 2972 255 3068 scripfille
272 2975 478 3075 Dialogum
504 2979 606 3048 hunc
630 2973 832 3060 Iustinum,
861 3002 906 3047 ex
923 2990 978 3069 {eo
997 2982 1174 3081 colligen-

87 3076 178 3145 dum
206 3073 273 3161 est,
306 3079 411 3171 quod
428 3081 490 3150 ille
506 3079 717 3175 Apologiae
736 3076 821 3149 suae
837 3078 884 3149 ad
906 3084 1173 3174 Imperatorem

84 3178 269 3253 meminit.
322 3180 561 3252 Adhibentur
585 3197 822 3277 argumenta,
848 3179 905 3249 uti
929 3183 1172 3274 appellantur,

85 3282 161 3346 καθ’
183 3279 346 3372 ἄνθρωπον
370 3280 537 3353 feliciter.
592 3287 706 3374 Saepe
733 3280 885 3352 caecitas
908 3284 1069 3369 mentio,
1097 3309 1174 3382 per·

84 3379 238 3464 tinacia,
268 3379 466 3455 obstinatio
494 3401 608 3477 atque
634 3382 704 3453 alia
731 3382 822 3455 vitia
846 3381 1058 3456 adversario
1074 3388 1174 3476 ,eius-

86 3502 160 3573 que
179 3482 286 3552 sociis
310 3486 595 3579 exprobrantur.
607 3481 642 3573 ⁴¹)

185 3622 447 3704 Ilrnoorr'rr,
484 3622 604 3714 Episc.
634 3632 671 3688 et
695 3621 837 3703 Mart„
867 3622 995 3691 Brevis
1025 3622 1174 3695 danwa-

81 3706 212 3810 [tratio
241 3719 326 3792 adn.
353 3721 531 3806 Incloeos,
569 3745 664 3818 quae
694 3719 861 3815 primunr
892 3721 1039 3818 prodiit
1059 3724 1174 3797 latine

86 3876 318 3888 m
429 3840 451 3889 .

118 3968 142 4035 ·)
162 3965 201 4017 Gi
227 3964 260 4015 G.
283 3965 316 4016 ll.
336 3964 582 4019 Sentnrrmuo
602 3964 771 4019 Commeat.
791 3964 875 4018 ama.
894 3964 931 4019 da
950 3963 1089 4030 Iustino,
1110 3968 1173 4021 Ter·

151 4032 283 4087 tulliano
309 4042 335 4087 el
365 4034 515 4106 ijrt'nrro
545 4035 612 4088 nalo.
643 4032 771 4089 ludaeos
797 4034 1033 4104 disputantibus,
1076 4036 1172 4094 Lruut

152 4104 240 4159 GUlh·
262 4110 337 4172 ¹8&
357 4109 383 4161 ἰι
419 4105 488 4161 lid,
507 4104 593 4176 supra
613 4125 640 4178 P
660 4106 721 4161 Νι
