2542 4724
400 373 404 379 .
442 312 529 389 cr
556 336 592 385 ι».
627 260 688 387 vi.
734 316 768 431 a.
796 314 858 390 aa.
946 280 963 373 st
1122 312 1198 389 377

203 508 402 586 Narrare,
432 504 509 574 Sec.
526 506 592 575 XI.
609 502 742 589 clarus,
770 503 837 599 qui
850 501 984 575 itidem
1003 504 1217 574 Commta·-

102 606 243 681 aarum
267 603 310 675 in
331 605 539 675 nonnullas
560 605 793 677 Nazianzani
817 604 1016 691 Orationes
1042 600 1198 701 scripsit,

102 730 146 777 ac
169 722 316 801 praeter
343 702 466 788 hunc,
510 703 661 777 Scholia
690 705 733 776 in
759 705 944 801 quaedam
967 704 1201 795 Nazianzeni

105 806 301 891 Carmina,
329 830 426 900 quae
436 804 569 877 Billius
583 806 700 877 latine
715 808 896 907 vulgavit

202 910 407 990 Peninus,
435 900 518 1002 *qui
548 908 632 979 loca
667 909 852 1002 quaedam
889 908 1079 983 Orationis
1110 914 1199 981 XLI
1242 908 1245 913 ’

103 1024 141 1081 at
156 1014 264 1093 XLII
288 1004 497 1079 illustravit.
538 1012 640 1103 Quae
657 1010 933 1095 animadvertit,
951 1037 992 1084 aa
1009 1011 1197 1083 habentur

100 1109 219 1183 latina
230 1108 275 1181 in
291 1108 522 1181 editionibus
539 1111 771 1182 Nazianzeni
786 1109 974 1184 Parisiensi
990 1137 1033 1184 ac
1047 1111 1149 1209 Lips.

201 1230 397 1300 Baarnrus
417 1225 660 1302 caesareensis
674 1228 824 1317 iunior,
860 1230 966 1303 cuitu
989 1232 1144 1324 ἐξηγήσεις
1158 1248 1197 1303 et

103 1324 378 1425 ὖπομηματισμοί
398 1330 439 1401 in
455 1330 689 1402 Nazianzeni
707 1330 904 1404 Orationes
921 1337 1023 1404 XLV
1038 1330 1196 1405 laudan·

101 1434 194 1503 tun'
228 1434 274 1503 In
288 1431 400 1503 variis
415 1431 661 1503 Bibliothecia
679 1428 820 1503 exstant
836 1433 977 1505 horum
994 1439 1196 1507 commen·
1231 1440 1234 1447 '

101 1533 289 1605 tariorum
308 1530 464 1605 codices
475 1533 605 1630 ‘mspti
1027 1618 1031 1625 Ι

205 1640 371 1707 Tnnon.
394 1639 616 1719 Batauam,
655 1633 761 1706 cuius
785 1635 936 1709 scholio
961 1636 1195 1712 Nazianzeni

99 1740 262 1809 Carmen
285 1736 332 1807 de
347 1733 468 1805 Libris
494 1732 630 1807 biblicis
644 1732 871 1811 illustratum
888 1734 1021 1826 exstat3
1053 1739 1098 1810 in
1119 1743 1197 1810 Be·

98 1838 290 1937 varagii
305 1837 494 1937 Synodico
508 1842 562 1922 H,
582 1839 666 1911 178.

203 1944 424 2011 Leontius
448 1941 700 2037 Byzantinus,
749 1941 854 2015 euius
882 1943 1031 2015 Scholia
1054 1966 1101 2015 ex
1127 1967 1194 2017 ore

98 2038 300 2115 Theodori
322 2036 480 2157 Abbati3
503 2058 540 2112 et
562 2041 785 2137 Philosophi
809 2044 856 2114 ad
880 2062 1051 2140 excerpta
1075 2070 1094 2115 e
1117 2050 1194 2116 Na·

97 2142 287 2317 Piniano
308 2139 353 2212 de
370 2141 553 2235 Trimtate
567 2141 689 2241 mspta
703 2143 792 2214 suut
805 2144 846 2215 in
856 2145 1089 2217 Bibliotheca
1107 2151 1194 2218 Cae·

116 2262 231 2317 area.¹

202 2343 481 2421 Niceraonus
500 2353 782 2433 Banuurnas,
801 2348 1043 2421 adducendus
1057 2349 1107 2420 ob
1119 2354 1195 2421 Ex·

96 2444 330 2547 positionem
344 2448 576 2523 Nazianzeni
591 2450 820 2537 carminum,
840 2475 934 2547 quae
943 2468 1189 2525 memoratur.

205 2572 421 2641 Gnoaorus
439 2568 674 2664 Acropolito,
702 2568 769 2663 qui
784 2568 825 2639 in
842 2568 1023 2662 quasdam
1033 2570 1193 2643 Nazia‘n·

97 2666 401 2745 naniseutentiaa
418 2687 695 2761 commentatus
710 2666 797 2751 effe,
826 2666 996 2743 traditur.

158 2830 163 2839 ·
203 2790 438 2861 Eunomus
463 2796 618 2875 Purra,
647 2788 754 2861 cuius
770 2787 964 2884 Expositio
980 2789 1022 2861 in
1036 2792 1087 2863 IV
1103 2793 1193 2865 Ora·

99 2886 229 2963 tionaa
246 2890 419 2990 Gregorii
432 2892 612 2964 Nazianz.
629 2887 754 2963 exstat.

203 3015 611 3095 N1c.Doxora‘rnn,
647 3009 753 3083 ouius
776 3008 922 3081 mentio
956 3008 1038 3081 fieri
1071 3008 1191 3094 debet,
1254 3034 1257 3039 ·

100 3108 157 3185 ob
168 3110 321 3187 Scholia
337 3135 465 3210 graeca
482 3110 602 3207 mspta
618 3110 658 3181 in
672 3109 903 3183 Nazianzeni
912 3110 1084 3183 Carmina
1099 3109 1192 3182 iam·

54 3302 61 3311 .
97 3212 198 3285 bita.
258 3216 354 3285 Sunt
371 3213 442 3283 alia
458 3208 602 3312 generis
617 3212 731 3284 huius
750 3210 906 3307 scripta,
943 3233 1037 3307 quae
1052 3212 1192 3307 partim

96 3316 229 3389 lucam
245 3313 440 3398 viderunt,
474 3314 612 3409 partim
634 3312 811 3385 noudum
838 3313 955 3398 edita,
989 3312 1031 3383 in
1048 3311 1193 3385 Biblio.

99 3412 222 3489 thecia
237 3414 488 3488 adservantur.
539 3412 610 3486 Sed
635 3413 679 3486 ab
703 3414 778 3486 illis
801 3412 1032 3487 recensendis
1052 3414 1189 3487 merito
1258 3422 1261 3429 '

101 3512 340 3591 abstinemus.
357 3516 395 3609 *)

131 3656 136 3667 .
204 3620 333 3691 Lettre
356 3618 406 3690 du
428 3622 472 3690 P.
501 3619 747 3704 Louoard,
792 3633 992 3692 conterant
1022 3619 1193 3713 quelques

97 3726 331 3816 Bernarques
343 3714 413 3821 sur
438 3722 487 3792 les
516 3723 675 3792 Oeuores
708 3721 752 3793 de
780 3724 820 3792 8.
855 3722 1018 3821 Grt‘goir
1043 3722 1087 3789 de
1110 3724 1191 3790 Να-

97 3828 240 3895 zianze.
302 3818 467 3919 Epistola
499 3820 589 3895 haec
610 3821 827 3907 Louvardi‚
866 3820 1051 3897 Monachi
1074 3827 1191 3893 Bene·

97 4009 335 4027 Μ

135 4116 168 4185 ‘)
187 4114 366 4171 uberiorem
382 4117 655 4195 aceuratiorenrqua
670 4116 781 4171 horum
795 4112 1026 4177 Scholiaslarnnr
1041 4111 1192 4185 syllabam

173 4184 296 4242 exhibet
309 4184 469 4245 fetaretur
483 4184 561 4245 Bais.
574 4204 621 4258 gr.
637 4185 725 4255 vm.
736 4189 799 4247 429.
