2542 4724
230 296 238 305 ’
299 308 386 385 ci
413 333 448 382 ι».
484 311 554 384 Π.»
584 312 618 401 §·
655 309 712 382 12.
751 309 808 381 13.
1022 272 1136 388 109*

66 500 190 572 edate
218 503 262 570 in
289 499 409 571 decern
428 490 639 599 emiserunt,
672 521 746 570 non
770 501 930 598 ignaris,
965 505 1097 598 ineptis

69 606 201 674 trivio
213 603 373 697 petitis,
409 623 499 694 quos
514 614 673 685 vocont;
697 599 959 680 correctoribus
976 627 1096 674 ernen-

63 706 96 773 ii
125 727 279 774 curam
304 703 555 795 relinquentes.
626 704 747 773 =Recte
784 703 838 774 ita
872 708 1013 776 Caveus
1050 706 1097 777 de

63 804 242 876 ionibus
258 808 435 885 Petrum,
473 807 549 875 Sec.
561 806 636 872 'XV
654 802 696 872 in
712 804 835 874 lucem
852 800 1004 890 emiffis,
1037 805 1096 877 iu-

63 924 81 977 t
99 905 277 1001 illisque
293 902 514 1002 dignitatem
530 902 620 975 fidei
628 919 738 998 atque
748 904 996 976 accurationis
1008 931 1097 1001 prae
1187 916 1191 923 '

65 1008 118 1079 tis
138 1005 250 1090 aliis,
278 1028 374 1100 quae
388 1001 513 1099 postea
528 1003 762 1099 prodierunt,
789 1005 924 1076 merito
942 1006 1095 1093 tn'buit3

64 1105 122 1181 dli
151 1124 297 1178 autem
317 1100 401 1177 istas
424 1105 520 1200 ipsas
544 1103 620 1176 fine
650 1105 931 1200 comparatione
954 1105 1096 1202 specta·

63 1235 94 1294 ι,
131 1204 349 1280 fatendum
372 1202 441 1291 est,
473 1206 514 1279 in
529 1206 604 1277 illis
623 1204 690 1279 effe
705 1207 815 1291 vitia,
846 1229 929 1277 non
951 1200 1097 1303 fraudid

63 1310 251 1391 nalitiae,
284 1306 349 1377 sed
365 1307 532 1378 incun'ae
546 1313 590 1378 'ac
605 1306 864 1405 neg'lirrentiae.
918 1312 996 1380 Nec
1018 1307 1096 1383 fine
1146 1341 1149 1345 ·

63 1408 109 1482 [ia
130 1416 198 1481 Io.
219 1414 375 1480 Fnanc.
390 1414 606 1492 Bonnens,
632 1409 673 1478 in
687 1413 712 1478 Ι
725 1432 842 1506 ogog.
861 1408 914 1478 nd
928 1406 1093 1510 theolog.

63 1505 150 1611 cers.
168 1508 260 1581 Lib.
279 1512 326 1579 11.
349 1514 437 1604 Cap.
452 1509 486 1581 3.
508 1534 549 1604 p..
564 1505 648 1583 590.
677 1509 951 1594 animadvertit,
976 1535 1094 1606 quan·

63 1618 217 1691 caveus
235 1607 379 1694 tradat,
406 1611 543 1704 primas
557 1609 910 1691 Patrurneditiones
928 1637 977 1683 ex
993 1614 1093 1708 opti·

63 1744 67 1781 ι
81 1709 292 1809 quibusvis
299 1709 436 1805 Msptis
453 1709 629 1807 expreffas
646 1709 715 1785 effe
724 1735 767 1784 ac
776 1711 961 1784 Codicum
975 1737 1092 1786 manu

63 1831 266 1903 fatorum,
293 1836 414 1907 quum
439 1811 495 1882 illi
518 1810 827 1900 defiderarentur‚
860 1813 984 1886 vicem
1006 1814 1091 1912 sup·
1202 1856 1207 1861 -

63 1910 243 2012 repoffe,
281 1912 373 1984 haec
396 1936 480 1984 non
502 1914 614 2008 plane
636 1912 856 1986 affirmanda
872 1913 960 2001 effe,
994 1941 1090 2012 quo-

63 2040 102 2089 m
118 2008 420 2112 praestantiffimi
435 2013 554 2086 codd.
579 2013 693 2111 mspti
715 2014 757 2087 in
771 2015 1015 2089 Bibliothecis
1031 2019 1090 2099 in„

63 2116 219 2200 riantur,
237 2139 283 2186 ex
294 2113 430 2209 quibus
439 2114 572 2210 scripta
580 2121 733 2190 Petrum
747 2116 925 2190 recenseri
938 2137 1088 2213 queant.
1149 2122 1152 2129 '

63 2242 87 2289 e
105 2216 264 2289 tatione
287 2232 414 2288 tamen
438 2221 706 2302 Semnonum)
737 2217 763 2288 s.
788 2223 1088 2305 Racn.¹S11non,

63 2315 238 2389 Biblioth
256 2318 336 2386 cn't.
355 2322 384 2401 Ι,
401 2313 486 2392 255.
504 2331 506 2337 '
523 2323 687 2390 caveum
703 2313 958 2413 reprehendit,
985 2322 1090 2414 quod

63 2417 205 2516 deserite
245 2417 425 2488 Nondum
446 2422 557 2490 motis
580 2421 625 2490 de
656 2410 817 2516 Ecclefio
844 2417 1089 2517 reformando

63 2508 259 2615 ruoverfiis
275 2515 477 2617 -froude
492 2534 689 2592 uterentur.
716 2527 855 2592 Contra
866 2544 960 2616 quae
970 2546 1089 2617 quum
1207 2587 1210 2591 ,

63 2644 145 2711 [on
163 2637 331 2719 pugnat,
360 2637 490 2694 contra
508 2621 773 2719 experientiam
791 2621 877 2697 sane
889 2641 1046 2733 pugnat

472 2824 505 2916 ς.
560 2826 618 2901 13.
675 2802 678 2806 ’

100 2988 171 3069 Ad
189 2988 358 3069 Claffem
380 2990 606 3069 editionum
628 2996 791 3070 Petrum
811 2993 1010 3070 Ecclesiae
1032 2994 1091 3068 se-

63 3092 183 3169 rdam
217 3099 441 3191 antiquiores
479 3095 700 3194 pertinent,
752 3096 844 3170 illae
880 3096 1087 3183 nimirum,
1190 3122 1192 3126 ·

63 3220 103 3269 re
140 3194 310 3268 Saeculo
344 3197 433 3269 XVI
457 3194 716 3294 prodierunt,
761 3197 934 3270 maxime
964 3222 1090 3293 quum

63 3296 211 3369 theme
226 3318 365 3369 veram
385 3294 609 3385 doctrinam
634 3322 684 3370 ex
698 3294 878 3381 tenebris
896 3297 941 3371 in
954 3296 1090 3370 lucem
1207 3342 1217 3365 -.

63 3418 199 3479 'ocare
217 3391 411 3496 coepisset.
464 3399 511 3469 In
529 3397 608 3471 illis
629 3397 827 3486 eminent,
864 3421 966 3495 quae
984 3395 1089 3470 [um-

63 3534 66 3558 ·
82 3492 222 3571 studio
238 3520 283 3569 ac
302 3520 397 3569 cura
412 3499 565 3570 Roberti
578 3500 759 3596 Stephani
774 3514 814 3573 et
829 3503 1090 3575 IoannisFro·

64 3602 93 3671 ii
116 3595 164 3671 in
189 3592 446 3697 conspectum
462 3597 670 3697 publicum
685 3613 896 3687 venerunt,
925 3597 1089 3696 quibus-

63 3724 74 3771 ε
91 3702 281 3771 Erasmus
303 3702 577 3771 Roterodornus
592 3724 737 3775 manus
755 3698 946 3776 admovit.
990 3695 1087 3771 Istae

63 3824 108 3873 m
132 3820 223 3872 non
254 3794 383 3870 solum
416 3814 598 3873 accurate
632 3798 847 3901 descriptae
875 3797 985 3884 sunt,
1005 3795 1089 3869 'sed

63 3922 224 3973 eratum
240 3920 403 3994 quoque
421 3900 617 3998 elegantia
637 3900 810 3975 mulnmr
827 3898 865 3972 se
885 3921 1089 3973 commen-

63 4014 90 4073 rt
113 4015 238 4095 atque
263 3999 370 4072 inter
388 3998 585 4074 editiones
603 4003 797 4102 temporis
814 4001 922 4074 illius
941 3997 1089 4099 princi·

63 4126 132 4175 um
149 4112 331 4175 tuentur.

423 4228 650 4241 ——n-*n
