2542 4724
123 294 200 376 536
458 292 495 373 C
523 315 548 368 a
575 316 611 369 r.
644 296 713 393 lx.
766 295 802 386 §.
828 292 891 369 92.

123 482 214 556 inda
229 504 354 564 aeram
375 500 494 555 tuma
512 481 658 554 decimo
676 479 799 554 seculo
817 476 937 553 ferrea
953 495 1066 577 atque
1082 479 1226 575 iterum

123 601 298 683 argentea
321 610 342 657 a
365 584 599 678 temporibus
624 601 912 681 repurgatorum
936 580 1151 669 sacrorum,
1178 608 1226 655 ex

127 708 204 780 qno
228 685 302 756 iam
325 685 492 756 indicato
520 702 743 783 argumento
770 683 953 755 orationis
977 682 1095 756 huius
1122 684 1225 756 haud

99 828 102 833 ·
126 783 323 869 difficulter
346 786 602 883 colligendum
620 781 687 871 est,
714 809 795 857 eam
809 808 890 855 non
905 782 981 856 sine
996 784 1079 858 iure
1099 784 1149 857 ad
1162 786 1223 857 lo·

128 910 215 959 cum
234 887 329 960 hanc
348 884 488 958 referri.
866 914 874 928 .

225 1060 321 1128 Par.
339 1034 733 1128 Zonn11Delineatio
758 1053 970 1155 theologiae
992 1044 1220 1151 patristicae,

24 1154 29 1171 '
115 1149 320 1256 secundnm
341 1159 507 1228 ordinem
523 1157 688 1228 locorum
705 1155 998 1254 theologicorum
1015 1157 1218 1229 edomata.

123 1264 168 1329 In
192 1260 479 1357 Prolegomenis
506 1259 575 1328 tria
602 1258 722 1351 capita
746 1275 968 1351 pertractata
995 1256 1084 1328 sunt
1110 1275 1222 1352 atqua

122 1359 396 1454 exponitur‘de
415 1359 666 1453 Scriptoribus
690 1358 730 1427 in
754 1383 906 1456 genere,
934 1358 999 1452 qui
1017 1358 1072 1427 ad
1088 1360 1220 1429 lectio·

120 1482 210 1531 nem
220 1467 372 1532 Patrum
383 1462 537 1543 ducunt3
549 1459 740 1557 deregulis
750 1459 995 1557 generalibus,
1006 1457 1220 1530 iniectione

121 1564 275 1633 Patrum
288 1561 527 1633 observandis
541 1585 582 1630 ac
592 1560 636 1630 de
648 1560 872 1657 theologicis
883 1565 1035 1643 Patrurn
1047 1554 1218 1651 systema·

122 1661 238 1735 tibus.
288 1662 369 1757 Ipsa
386 1663 585 1735 delineatio
609 1661 727 1741 tribus
745 1661 915 1757 partibus
938 1656 1093 1732 constat.
1141 1660 1221 1731 Pri·

122 1786 185 1835 rna
210 1782 342 1833 auctor
367 1755 509 1834 disserit
526 1761 571 1834 de
596 1763 798 1860 theologia*
814 1767 967 1835 Patrum
988 1761 1217 1859 dogmatice,

123 1861 313 1959 speciatim
340 1863 384 1945 de
410 1864 595 1959 Scriptura
614 1869 670 1950 S.,
699 1864 744 1935 de
759 1868 863 1947 Deo,
890 1862 935 1934 de
958 1861 1151 1935 creatione
1177 1882 1262 1941 aar.

120 1962 379 2059 providentia,
417 1965 461 2036 de
492 1965 633 2062 angelis
664 1983 702 2036 et
728 1961 825 2037 statu
849 1950 1079 2063 integritatia'
1106 1950 1235 2059 primi

119 2064 313 2149 hominio,
339 2066 385 2137 de
410 2065 529 2137 libero
557 2066 712 2153 arbitrio
731 2082 768 2137 et
784 2083 959 2160 peccato,
986 2063 1033 2135 de
1048 2065 1219 2136 incarna-

121 2164 230 2236 tione
261 2164 331 2237 silii
353 2162 445 2251 Dei,
484 2167 529 2237 de
552 2165 792 2247 conversione
817 2184 855 2237 et
877 2162 1139 2261 poenitentia,
1173 2164 1219 2239 de

115 2262 383 2339 iustificatione
405 2285 443 2339 et
465 2267 774 2354 sanctificatione,
803 2267 849 2338 de
865 2263 1215 2362 praedestinatione.

124 2366 171 2439 de
187 2367 385 2464 baptismo,
412 2369 457 2439 de
475 2375 509 2440 S.
519 2365 755 2453 Eucharistia,
782 2368 827 2441 de
845 2368 1029 2453 oratione,
1059 2368 1106 2441 de
1124 2392 1215 2441 con·

122 2468 251 2567 iugio,
279 2468 324 2540 de
348 2465 562 2567 magistratu
583 2470 764 2563 politico,
802 2469 846 2539 de
869 2466 1076 2541 ministerio
1101 2470 1216 2541 eccle·

120 2568 281 2655 liastico,
317 2571 362 2640 de
385 2571 557 2640 libertate
587 2567 800 2655 christiana,
838 2570 883 2641 de
904 2588 1029 2643 morte
1055 2588 1093 2641 et
1120 2566 1217 2642 statu

120 2671 265 2742 animae
289 2667 574 2766 postmortem,
598 2671 643 2742 de
658 2671 799 2743 iudicio
818 2689 1006 2756 extrem0‚
1033 2671 1082 2743 de
1100 2670 1217 2743 resur·

98 2814 107 2848 Α·
119 2773 288 2844 rectione
312 2790 349 2843 et
370 2768 447 2842 vita
471 2791 625 2843 aeterna.
679 2778 787 2844 Parte
811 2770 970 2844 secunda
995 2773 1216 2846 continetur

121 2870 306 2968 expositio
331 2871 375 2944 de
389 2879 542 2944 Parrum
562 2874 722 2945 oratoria
741 2873 836 2944 sacra
855 2897 896 2944 ac
911 2873 1018 2945 tertia
1044 2873 1090 2945 de
1104 2874 1213 2947 theo-

119 2975 222 3071 logia
250 2978 403 3046 Patrum
425 2975 579 3058 morali,
607 2999 701 3070 quae
727 2974 820 3044 duae
843 2971 1066 3069 posteriores
1090 2992 1214 3071 portet

118 3076 240 3169 prima
264 3077 379 3173 longe
401 3075 591 3149 breviores
619 3076 716 3147 sunt.
768 3076 848 3171 Ipsa
874 3075 1076 3146 delineatio
1104 3100 1214 3148 uron-

119 3170 208 3246 strat
227 3178 390 3253 auctoris
415 3176 668 3250 eruditionem
684 3202 727 3248 ac
742 3176 968 3247 laudabilem
990 3172 1213 3249 industriam

119 3275 290 3372 hancque
308 3277 356 3348 ob
375 3304 454 3349 rem
469 3302 550 3348 non
568 3277 642 3349 sine
665 3278 827 3348 utilitate
842 3277 998 3374 legenda
1019 3274 1080 3349 cst
1131 3278 1215 3350 Atia

101 3458 105 3467 Ι
121 3395 247 3449 tamen
263 3379 427 3474 reliquit,
453 3404 546 3475 quae
562 3379 862 3452 emendationem
879 3374 1084 3473 postulant.
1111 3384 1213 3477 Quae

120 3479 221 3572 apud
250 3486 374 3552 Patres
413 3479 499 3551 sunt
538 3480 733 3579 dogmata,
779 3478 968 3575 speciatim
998 3476 1211 3553 testimonia

120 3581 286 3651 veritatis
328 3606 409 3652 non
450 3578 617 3654 distincte
647 3600 758 3676 atque
791 3577 948 3675 expresse
984 3574 1114 3667 affert,
1146 3604 1213 3653 nec

122 3680 263 3777 semper
288 3682 451 3753 debitam
472 3684 608 3776 probat
628 3683 915 3753 accurationem.
972 3686 1212 3756 Commenta·

120 3781 265 3855 tionem
288 3785 405 3871 hanc,
434 3809 551 3876 quum
577 3785 640 3854 illa
667 3783 915 3878 manuscripta
939 3800 1090 3855 tantum
1109 3778 1212 3857 exsti·

121 3884 227 3969 terit,
261 3885 352 3956 iuris
382 3884 523 3979 publici
550 3883 639 3954 fecit
665 3890 722 3954 Io.
750 3890 1143 3955 munitiunculae
1171 3885 1214 3957 in

126 3982 283 4081 Terrrpa,
308 3984 491 4057 ortecdoto
502 3978 617 4085 sacro
641 3989 749 4057 varin
774 3984 968 4081 complexo
996 4010 1033 4082 p.
1054 3986 1145 4060 263.
