2542 4724
407 275 570 349 cip:
593 281 638 346 11.
693 277 727 366 t·
763 271 822 347 16:
924 267 929 278 ·
1079 211 1159 350 'rso

47 430 130 535 eins
164 451 524 558 Arriraadcerfiorres
556 473 592 530 et
621 451 893 558 Castigationes
922 461 974 532 ad
1004 456 1161 551 arnobii

49 563 168 634 libros
193 567 240 631 V
237 568 293 632 ΙΙ.
343 568 387 631 In
404 561 685 632 Commentario
709 563 776 632 suo
800 563 875 633 hoc
890 579 1161 657 temperamen-

51 682 139 735 tum
159 662 357 735 Heraldus
378 661 480 756 sequi
495 658 655 744 studuit,
690 681 732 732 ut
749 688 871 756 neque
890 687 941 745 ea,
970 674 1065 757 qnae'
1082 688 1159 734 nte·

55 766 244 837 diocriter
279 763 436 835 eruditis
475 761 560 834 satis
597 764 691 833 clara
730 762 836 847 sunt,
878 760 1036 836 illustret
1059 765 1096 833 h.
1124 789 1156 835 e.

57 867 137 938 Soli
165 865 394 937 accenderet
421 861 577 953 facem„
596 888 718 959 neque
752 889 813 948 ea,
858 889 952 960 quae
981 865 1157 936 homines

59 967 234 1061 alioquin
258 965 444 1048 eruditos,
479 963 545 1052 sed·
558 963 638 1035 aliis
663 963 824 1036 scientiis
850 978 1055 1060 occupatos
1075 989 1171 1037 mor
1231 1040 1259 1051 ,,

59 1069 132 1139 rari
180 1064 330 1151 offunt,
358 1057 509 1160 prorsus
526 1065 750 1159 inexplicata
770 1065 972 1138 omitteret.
1038 1122 1043 1133 .

149 1094 306 1239 lirun.
324 1165 393 1263 (V
391 1167 509 1253 alais)
523 1171 727 1239 Vatrsrus
740 1219 749 1248 ,
778 1165 1085 1261 cuiuspraeclara
1100 1168 1159 1240 in·

62 1266 201 1342 dustria
226 1286 398 1340 veterum
426 1266 674 1362 Scriptorum,
714 1271 905 1351 Eusuarr,
941 1273 1156 1357 Socatrm,

63 1376 318 1454 Sozomrrrtr,
358 1373 660 1450 Turonorum,
694 1373 874 1439 Evrcarr
906 1360 1075 1464 Historia
1103 1392 1174 1442 ec·-

63 1461 262 1567 clefiafiica
280 1496 335 1568 gr.
353 1494 395 1541 ac
410 1470 494 1552 lat,
527 1493 556 1539 c.
575 1468 679 1539 notis
701 1493 744 1539 ac
767 1465 1081 1544 dissertationibus
1096 1475 1156 1545 lu·

63 1597 142 1645 cem
158 1571 352 1663 adspexit,
378 1595 423 1642 eo
443 1568 593 1654 ordine,
622 1587 665 1641 ut
686 1569 903 1665 prodirent:
1223 1650 1225 1654 v

150 1675 193 1755 1)
209 1678 387 1744 Eusuarr
405 1669 593 1766 Pamphili
609 1662 705 1766 Hist.
724 1661 910 1770 ccclefiast.
928 1675 1159 1771 eiusdemque

65 1772 144 1846 libri
161 1774 211 1847 dc
225 1776 310 1844 vita
323 1762 551 1869 Constantini
568 1787 604 1843 et
619 1771 876 1871 Panegyricus
894 1788 1006 1870 atquc
1024 1780 1157 1850 Oratio

66 1866 304 1972 Constantini
320 1874 371 1945 ad
389 1874 558 1958 Sanctos,
575 1880 656 1945 Par.
669 1873 777 1947 1650.
793 1871 877 1958 fol,
902 1900 996 1970 quae
1008 1881 1157 1976 elegans
1208 1865 1214 1883 ⁸

64 2001 104 2049 ac
117 1977 246 2049 nitida
266 1975 382 2048 editio
400 1971 467 2046 est:
494 1975 632 2047 iterum
648 1981 726 2046 Par.
747 1971 942 2061 16672f01.
967 1978 1033 2050 ubi
1049 1982 1159 2074 plura

64 2076 292 2151 accesserunt
318 2101 364 2147 ex
393 2073 563 2148 secundis
586 2074 717 2148 Valesri
739 2075 836 2148 curis
857 2096 969 2178 atque
990 2078 1159 2156 eiusdem

64 2175 462 2251 animadversionibus.
514 2182 662 2260 Praeter
684 2176 779 2248 duas
801 2178 868 2276 has
892 2180 1077 2255 editiones
1097 2185 1160 2254 lu·
1243 2180 1248 2207 ³

65 2306 141 2353 cem
169 2278 279 2351 vidit
307 2278 414 2350 tertia
438 2279 685 2376 Moguntiae,
726 2278 752 2348 l.
777 2279 908 2372 potius
932 2280 1157 2381 Frcs.1d72.
1229 2339 1232 2343 .

63 2380 128 2455 sol
166 2382 216 2453 ad
246 2380 452 2453 editionem
476 2377 711 2452 Parifiensem
733 2378 919 2473 priorem,
952 2383 1079 2455 minus
1096 2410 1158 2456 au·
1187 2400 1191 2407 '

63 2499 137 2555 tem
162 2498 357 2566 accurate,
398 2481 532 2554 litteris
560 2479 750 2577 descripta.
799 2479 973 2554 'Accessrt
999 2485 1161 2580 denique

64 2582 181 2657 editio
202 2600 359 2681 quarta,
399 2577 513 2654 Amst.
533 2577 641 2655 1695.
661 2581 730 2654 fol.
758 2580 806 2652 ad
830 2581 1037 2658 aditionem
1060 2589 1160 2661 Pari·

64 2683 218 2758 fieusem
238 2684 413 2781 typisque
429 2680 1027 2760 FrancosurtenfibusWustianis.
1064 2688 1161 2764 Usus
1248 2692 1252 2703 “

65 2782 113 2861 est
126 2783 299 2859 Valesius
319 2784 518 2858 codicibus
536 2811 652 2858 manu
671 2779 845 2874 exaratis,
878 2813 1025 2862 novam
1048 2808 1162 2883 atque

65 2890 340 2977 ‚amariorem
373 2887 720 2982 interpretationem
751 2888 908 2962 latinam
936 2891 1161 2987 composuit,
1226 2926 1230 2931 ·

64 3008 176 3062 notas
195 2984 476 3073 eruditissimas,
512 3014 607 3084 quae
622 2990 797 3085 inprimis
810 2987 983 3065 historiae
1000 2989 1164 3065 ecclesia·

33 3162 37 3171 ,
67 3087 172 3165 [ricae
189 3086 366 3162 studiosis
384 3092 705 3163 commendandae
726 3091 832 3178 sunt,
859 3092 1016 3164 addidit.
1043 3099 1165 3167 Prae·

66 3190 163 3264 misit
180 3215 341 3287 qnoque
361 3209 505 3285 praeter
522 3191 826 3264 Dissertationem
854 3192 900 3265 de
921 3193 999 3266 vita
1014 3193 1166 3266 Eusebii

69 3310 104 3365 et
119 3293 269 3388 scriptis
296 3315 338 3362 ac
360 3298 537 3364 Veterum
557 3294 602 3364 de
621 3294 783 3365 Eusebio
804 3293 847 3366 in
863 3312 1063 3391 utramque
1081 3320 1166 3393 par·

69 3390 402 3477 temTestimonia,
421 3400 551 3465 Prrar
563 3420 620 3466 uu
630 3401 782 3467 Manca
795 3391 1002 3492 Epistolam
1020 3397 1066 3468 de
1085 3399 1168 3470 Ori-

68 3494 214 3594 ginibns
234 3485 498 3591 Christianismi
515 3499 552 3565 in
571 3497 696 3567 Gallia
704 3522 721 3574 ;
742 3499 845 3569 notis
862 3515 988 3569 autem
1007 3497 1082 3569 suis
1101 3497 1168 3569 ad·

69 3598 193 3669 iunxit
209 3602 262 3668 lv
275 3592 577 3669 Dissertationes:
601 3597 646 3668 de
657 3596 864 3668 Sclrismatc
876 3589 1168 3695 Donatfiarum

10 3700 12 3721 '
72 3697 260 3795 usquead
286 3694 503 3776 ctaer.325.‚·
545 3700 589 3769 de
614 3723 687 3769 uno
712 3711 882 3785 tantum,
923 3724 999 3770 non
1025 3698 1168 3773 duobus

10 3754 13 3831 l
74 3802 234 3895 templis,
274 3825 298 3867 a
325 3790 566 3892 Constantino
590 3793 874 3896 Hierosolymae
898 3800 1054 3872 conditis
1065 3827 1081 3881 ,·
1116 3803 1168 3873 ad

75 3904 146 3970 Iac.
167 3893 377 4001 [fferiunn
412 3901 497 3969 adv.
519 3901 613 3970 illius
647 3904 849 3970 anteatiam
863 3901 908 3971 dc
922 3903 1072 3996 perdita
1088 3926 1169 3976 vcr-
1200 3922 1210 3933 '

72 3995 162 4092 sione
185 4003 307 4072 LXX
338 4006 579 4095 interpretum
606 4016 641 4071 ct
672 4001 857 4096 [sescuplis
885 4004 1081 4100 origeni&
1124 4003 1169 4074 de

76 4102 379 4203 dlartyrologio,
416 4104 516 4196 qaod
539 4102 751 4172 Rosraeidas
775 4102 889 4173 edidit
912 4117 948 4173 et
970 4127 1169 4198 perperam

79 4228 138 4293 pro
154 4206 272 4275 reteri
288 4208 454 4304 genuino
468 4208 642 4275 Romano
658 4205 946 4302 Martyrologio
966 4206 1134 4277 iactavit.
