2542 4724
465 299 565 373 Car.
595 303 625 373 1.
660 300 693 390 §.
713 303 748 375 3.
1110 304 1158 379 15

70 490 234 573 ssandcl,
268 486 392 571 Lestr,
426 487 531 557 Todt
554 489 630 557 und
645 492 797 559 Marcet·
813 492 878 559 der
894 483 1158 589 apostolisclrea

68 598 179 675 Fater,
207 588 355 660 welche
370 614 438 659 zur
453 588 540 659 Zeit
561 590 628 657 der
643 582 800 686 Apoflcl
827 594 887 661 od.
916 593 1038 690 gleich
1072 596 1159 663 clar·

66 692 139 763 anch
150 689 312 791 gelebet
331 688 466 773 haben,
492 693 557 761 wie
574 691 670 761 auch
687 693 753 761 der
767 682 1021 790 vorncstntstcn
1037 699 1080 764 V
1077 704 1160 765 liter

64 802 92 865 ia
104 796 165 867 den
181 783 529 889 4erften1osrrhh„
547 797 671 863 Brem.
684 795 791 865 1701.
802 794 837 865 4.
854 796 896 865 in
914 798 1039 867 lucem
1056 797 1158 868 exiit.

65 902 98 969 lo
114 921 227 993 opere
253 896 339 966 hoc
367 898 513 965 caveus
538 893 693 989 copiose
720 894 905 990 descripfit
931 899 1027 969 vitas
1052 899 1162 969 Viro·

64 1024 130 1071 rom
151 990 468 1094 apostolicorum
484 1019 528 1067 ac
552 1001 718 1081 Patrum,
745 998 812 1091 qui
833 1003 884 1067 IV
906 1000 1038 1093 primis
1063 1005 1160 1071 Secc.

65 1124 120 1169 an.
138 1100 228 1171 Ghr.
249 1096 492 1169 floruerunt:
526 1094 751 1195 [iugularem
768 1095 990 1171 industriam
1005 1102 1162 1196 vimque

63 1202 185 1299 ingenii
214 1198 419 1296 probavit.
507 1268 510 1275 .

140 1309 239 1375 Ntc.
266 1307 335 1373 Lu
357 1306 552 1371 Nouam
569 1303 795 1396 Apparatus
821 1303 872 1373 ad
887 1302 1161 1376 Bibliotsrecam

64 1408 259 1475 mximam
292 1414 391 1473 vett.
424 1405 603 1487 Petrum,
639 1417 675 1474 et
716 1407 958 1498 antiquorum
992 1411 1159 1501 Scripto·
1196 1466 1200 1473 .

63 1532 129 1576 mn
141 1492 492 1604 ecclrfiqfiicorum,
511 1505 687 1601 Lngduni
710 1506 861 1576 editam.
896 1512 943 1575 In
962 1532 1035 1601 qao
1054 1509 1160 1601 qnid·

63 1608 198 1701 nadad
217 1596 529 1702 eorumscripta,
557 1620 594 1676 et
608 1606 835 1690 doctrinam,
858 1612 1056 1702 variosque
1067 1602 1159 1707 scri-

60 1706 151 1779 bendi
170 1722 211 1779 et
228 1706 398 1779 docendi
422 1707 554 1777 modos
575 1711 736 1801 pertinet
748 1700 1076 1808 Differtationibus
1092 1715 1162 1780 cri·

61 1814 126 1881 titis
143 1811 403 1881 examinatur
422 1821 534 1903 atque
549 1800 762 1904 illustratur.
816 1810 986 1882 Primum
1005 1810 1083 1882 duo
1102 1831 1163 1883 to·

59 1911 104 1983 ni
125 1912 245 1984 huius
271 1908 405 2005 operit
436 1907 631 2003 separatim
665 1910 911 2006 prodierunt,
944 1919 1022 1987 Par.
1051 1912 1160 1986 1694.

58 2010 160 2087 97.·8.
187 2010 352 2087 Deinde
368 2034 450 2081 non
466 2010 591 2083 solum
606 2031 764 2108 uterque
779 2014 1014 2087 coniunctim
1033 2015 1159 2087 denuo

57 2112 182 2189 linuit
208 2110 425 2207 descriptus
447 2135 660 2211 magnaque
676 2111 828 2187 acceffio
851 2113 950 2188 sacta
975 2113 1043 2201 est,
1079 2123 1161 2191 Par.

57 2216 162 2289 1703.
179 2213 277 2299 fot,
310 2212 375 2286 sed
391 2212 555 2286 adhunc
572 2239 727 2310 quoquc
743 2235 897 2287 tomum
910 2242 1038 2290 novus
1054 2221 1163 2314 isque

56 2316 243 2391 stennone
265 2310 424 2399 recellit.
447 2321 530 2389 Par.
549 2313 660 2390 1715.
683 2314 753 2388 fol.
805 2318 929 2389 Priori
949 2337 1061 2391 tomo
1086 2322 1164 2391 edi-

57 2418 177 2491 tionis
200 2417 317 2490 huius
342 2416 391 2491 de
413 2417 667 2514 Scriptoribus
683 2423 760 2490 Sec.
784 2422 857 2489 Iet
872 2424 938 2502 11.;
963 2416 1164 2515 posteriori

59 2536 186 2593 antu·
207 2518 255 2591 de
272 2520 343 2605 iis,
371 2517 439 2615 qui
454 2524 530 2592 Sec.
550 2524 604 2590 111
620 2538 657 2592 et
672 2524 733 2593 1v.
749 2522 947 2592 veritatem
967 2521 1164 2620 religionis

61 2616 285 2695 christianae
306 2638 437 2693 contra
454 2638 583 2720 gentes
607 2619 787 2716 profanas
804 2620 1073 2709 defenderunt,
1100 2651 1164 2698 co·

60 2720 259 2819 piofiffime
285 2720 454 2795 disseruit
475 2725 667 2796 Nourriur
698 2747 855 2820 eamque
879 2727 1168 2799 commentandi

63 2826 251 2897 rationem
270 2822 451 2921 sequutus
465 2820 527 2909 est,
548 2842 593 2896 nt
608 2844 785 2921 exponat,
807 2850 902 2921 quae
918 2826 966 2897 ad
982 2829 1167 2923 cuiusque
1244 2844 1258 2853 ‘

64 2924 175 2999 secoli
190 2925 411 3023 Scriptores
435 2927 641 3025 generatim
665 2928 874 3021 pertinent,
902 2946 1017 3022 atque
1041 2932 1169 3024 inqui·

64 3046 137 3113 nt,
162 3028 286 3125 quale
308 3052 439 3101 eorum
459 3029 674 3126 ingenium,
702 3052 798 3124 quae
812 3025 954 3113 studia,
989 3055 1085 3125 quae
1105 3056 1169 3101 oc·

65 3131 306 3227 tupntiones,
328 3150 428 3223 quae
448 3129 633 3202 scribendi
651 3128 863 3202 occasiones
886 3128 1051 3213 suerint;
1078 3157 1169 3225 qua-

64 3232 117 3305 les
135 3226 353 3303 exstiterint
375 3232 583 3304 Doctrinae
611 3249 723 3326 atque
747 3229 930 3303 Ecclesiae
953 3229 1172 3303 christianae

67 3328 200 3415 hostes,
229 3350 366 3403 contra
382 3356 481 3428 quos
498 3332 561 3403 sna
579 3333 748 3404 tulerunt
775 3358 898 3416 arma,
924 3358 1021 3427 quae
1038 3358 1173 3404 eornm

69 3458 110 3505 ac
140 3434 383 3529 reliquorum
412 3430 545 3505 Christi
568 3434 795 3507 sectatorum
824 3436 980 3505 Scholae
1009 3458 1051 3504 ac
1075 3458 1174 3527 quae

66 3534 154 3607 sunt
190 3534 282 3607 alia.
342 3533 504 3609 Exhibct
539 3554 750 3608 accuratam
785 3534 951 3628 analysm
989 3535 1174 3630 cuiusque

67 3636 219 3733 scriptit
261 3662 361 3709 num
399 3638 498 3709 illud
532 3662 757 3736 germanum
798 3634 863 3721 stt,
906 3662 955 3707 an
997 3636 1176 3707 adulteri·

68 3764 185 3823 num,
221 3738 407 3834 disputat;
432 3758 579 3834 praeter
604 3738 695 3811 haec
721 3755 847 3810 autem
873 3740 951 3836 agit
979 3738 1025 3808 de
1052 3736 1174 3807 codd.

72 3840 204 3937 aspris
218 3839 536 3926 etssdirionibun
562 3842 684 3914 varias
701 3841 806 3912 addit
822 3838 1175 3920 animadversiones,

71 3942 190 4015 veluti
206 3940 496 4027 dissertationes,
515 3968 558 4016 ac
575 3942 726 4039 quaein
744 3942 887 4037 scriptis
896 3948 1051 4011 Patrum
1068 3957 1179 4010 nota·

69 4040 156 4115 bilin
170 4044 278 4129 sunt,
306 4068 349 4115 ea
366 4046 528 4141 explicat
541 4065 654 4141 atque
669 4040 838 4116 illustrat.
892 4040 1177 4112 Dissertationes

69 4144 179 4219 hasce
201 4166 241 4219 et
257 4166 358 4241 qnae
376 4144 419 4217 in
442 4152 674 4233 §antenor
691 4148 806 4215 Nova
828 4142 924 4213 Bibl.
944 4148 1022 4216 ΡΡ.
1040 4144 1179 4212 haben·

73 4264 156 4333 tur,
202 4275 235 4321 c.
266 4247 367 4333 aliis,
399 4249 444 4319 in
475 4274 600 4321 unum
637 4272 777 4342 corpus
816 4247 973 4341 collegit
1004 4252 1178 4314 Pracrn.
