2542 4724
141 266 216 346 ars
412 224 468 343 'o
494 284 584 340 aa».
617 269 672 375 v.
712 264 748 354 s.
775 259 836 345 55.
869 260 930 343 se.

45 530 51 541 ,
238 456 312 531 Er
330 474 360 527 n
378 477 406 526 n
422 477 447 528 a
464 478 489 527 r
508 478 544 528 ru
561 478 589 525 u
606 478 624 526 s
657 478 788 527 omnes
818 454 937 527 libros
964 452 1053 531 suos
1078 453 1222 549 syriace

87 582 93 596 ·
139 555 373 653 composuit,
424 555 466 625 in
502 555 624 653 gentis
658 555 743 627 suae
779 556 979 628 utilitatem
986 582 999 640 3
1049 546 1226 630 transliti

139 676 267 731 autem
291 657 348 728 illi
376 655 464 728 lunt
493 656 534 725 in
568 656 655 728 alias
679 658 838 755 linguas.
903 662 1006 728 Inter
1029 656 1224 731 Verfiones

139 760 207 833 lras
231 755 307 831 fine
337 753 468 829 dubio'
483 780 623 856 graeca
639 754 695 829 est
719 753 975 849 antiquiffima.
1027 758 1225 833 Adornata

141 859 244 933 enim
258 859 323 930 illa
338 855 414 951 fuit
430 880 476 929 eo
492 864 678 954 tempore,
704 882 780 953 quo
798 858 1027 955 Ephraemus
1044 859 1168 937 adhue
1179 861 1225 933 in

139 960 238 1034 rivis
256 976 352 1046 erat,
396 959 455 1031 uti
480 954 630 1030 testatur
662 960 917 1032 Sozomnnu's
940 961 1022 1031 Lib.
1039 965 1099 1034 1v.
1123 952 1223 1058 Hist.

140 1061 226 1134 cccl.
258 1066 345 1156 Gap.
365 1059 423 1133 16.
453 1084 490 1155 p.
507 1055 592 1133 525.
649 1057 861 1132 Novillimis
892 1061 1125 1156 temporibus
1149 1087 1227 1135 no-

104 1154 124 1211 ’·
139 1160 288 1235 biscum
305 1159 578 1234 communicata
596 1158 684 1232 sunt
699 1185 784 1233 cura
806 1162 845 1232 C.
864 1166 905 1230 F.
928 1160 1089 1247 Weben',
1115 1162 1223 1253 Pras.

115 1258 571 1356 -Gymn..Dermltadini,
615 1264 790 1332 Carmina
814 1264 937 1353 Anicii
964 1266 1099 1334 Martii
1129 1266 1226 1335 Του-

140 1367 249 1460 quati
271 1365 432 1433 Severini
454 1365 635 1432 Boerarr
658 1387 793 1463 graece
811 1357 982 1553 convepa
1003 1389 1071 1460 per
1088 1369 1227 1437 Mm-

51 1458 54 1463 ’
140 1470 525 1547 nundinatorem,
552 1459 834 1537 Darmst.1833.
858 1462 895 1538 4.
941 1465 989 1537 12
1006 1466 1086 1555 Gr.)
1120 1470 1227 1537 Con·

138 1562 258 1638 verbo
275 1565 365 1635 haec
373 1561 541 1634 Maximi
555 1563 752 1650 Planudis‚
786 1566 851 1661 qui
869 1566 1022 1639 ineunte
1041 1571 1226 1639 Sec.le

139 1664 288 1750 floruit,
321 1663 511 1735 iudicante
535 1663 589 1734 ita
615 1664 774 1749 editore,
810 1666 908 1737 inter
934 1669 1091 1752 multas,
1128 1692 1228 1763 quae

139 1769 203 1843 rel
223 1762 363 1860 abipso
380 1766 547 1836 Planude
561 1766 622 1837 vel
639 1764 684 1835 ab
695 1767 781 1841 aliis
795 1782 890 1837 tune
900 1764 1022 1841 factae
1030 1767 1129 1854 lunt,
1145 1770 1227 1863 ple-

138 1890 302 1962 rumque
324 1863 372 1936 ad
395 1865 552 1937 verbum
571 1863 736 1959 expreffa
759 1884 804 1949 et,
827 1865 914 1941 satis
940 1870 1127 1969 eleganter
1151 1893 1225 1965 pro

139 1966 217 2041 illis
234 1964 467 2062 temporibus
485 1962 687 2062 compofita
702 1962 769 2052 est,
795 1979 1030 2064 ¹quamquam
1048 1994 1138 2042 eum
1153 1994 1228 2043 no·

139 2063 211 2141 stra
238 2069 280 2141 in
304 2069 541 2141 vernaculam
571 2064 818 2142 transferendi
840 2069 985 2142 ratione
1012 2095 1095 2144 non
1121 2092 1227 2145 com·

140 2170 319 2267 paranda.

618 2273 653 2362 §·
689 2267 748 2347 55.
808 2328 811 2337 .

165 2438 170 2447 '
245 2445 381 2546 Quum
403 2437 629 2515 recentiore
654 2454 778 2513 aetate
804 2436 1053 2515 eruditissimi
1068 2441 1229 2541 Viriin

141 2564 193 2616 eo
227 2567 392 2643 operam
425 2541 689 2629 collocarent,
728 2555 773 2613 ut
808 2546 1032 2615 Graecorum
1066 2548 1229 2619 Patmm

140 2639 304 2743 scripta,
343 2667 443 2739 quae
470 2640 698 2715 conservata
724 2656 763 2713 et
782 2640 910 2716 adhuc
927 2668 1049 2717 manu
1069 2659 1230 2719 tantum

139 2757 300 2817 exarata
325 2739 505 2830 fuerant,
539 2742 763 2815 litterarum
787 2738 931 2817 fonnis
957 2740 1230 2819 describeren-

140 2857 275 2917 turae
298 2843 396 2917 iuris
421 2841 572 2942 publici
596 2839 761 2931 fierent,
797 2858 987 2917 curarunt
1012 2841 1149 2935 simul,
1185 2861 1232 2920 ut

141 2941 215 3017 ista
230 2944 394 3017 maioris
415 2968 458 3016 ac
476 2940 667 3016 facilioris
685 2939 777 3017 ulus
798 2940 923 3016 caulla
942 2944 985 3017 in
1001 2940 1232 3021 sermonem

140 3042 313 3141 latinum
335 3058 677 3117 converterentur.
740 3045 894 3119 Multae
919 3045 1135 3141 variaeque
1163 3071 1232 3147 ge·

141 3144 250 3221 neris
266 3144 387 3218 huius
397 3140 607 3217 Verfiones
626 3143 757 3217 lucem
777 3143 979 3230 viderunt,
1004 3168 1107 3241 quae
1123 3144 1234 3246 post·

143 3270 263 3343 quant
296 3245 502 3344 evulgatae
536 3240 717 3333 fuerant,
767 3244 902 3346 postea
940 3246 1037 3317 aliae
1068 3244 1233 3323 illarum

142 3343 394 3431 emendatae,
431 3344 529 3417 aliae
548 3368 696 3441 eaeque
714 3346 903 3419 meliores
927 3361 1043 3441 atque
1071 3338 1234 3421 accura-

142 3446 266 3521 tiores
286 3447 329 3519 in
345 3444 508 3525 istarum
529 3444 665 3521 locum
682 3444 906 3525 substitutae
925 3443 1025 3520 sunt.
1083 3444 1167 3523 Sed
1183 3444 1233 3521 de

142 3544 207 3622 his
234 3550 480 3621 Graeconmr
504 3548 666 3619 Petrum
683 3544 940 3620 versionibus
967 3545 1127 3637 latiniS,
1172 3561 1235 3623 ut·

143 3663 238 3747 pote
256 3645 345 3722 latis
364 3647 493 3734 notis,
519 3646 600 3720 iam
615 3647 718 3722 nihil
736 3646 919 3721 dicimus.

627 3839 661 3925 §.
696 3829 757 3911 56.

251 3990 294 4055 V
292 3975 443 4083 erfiones
475 3982 609 4083 potius
642 3986 802 4057 Petrum
834 4010 1057 4085 graecorum
1089 3983 1238 4057 latino·

147 4108 320 4182 rumque
353 4089 388 4157 in
415 4086 562 4182 linguas
590 4089 809 4183 Europaeos
833 4082 1061 4173 reccidere,
1096 4085 1240 4161 nobis·
