2542 4724
284 832 700 931 ‘Cerni‘
765 840 825 929 X.

573 1038 649 1100 DE

63 1194 336 1286 erinon
356 1192 717 1283 nccnnsnn
735 1192 1152 1317 Ennnirtouu

111 1334 332 1427 SACM,
360 1337 705 1414 SPECIATIM
730 1336 1101 1431 THEOLOGIA

271 1484 273 1489 ·
435 1462 795 1540 POLEMICA.·

509 1648 716 1666 *ι-

439 1805 783 1864 xenonis.

96 2048 248 2119 polemicis
264 2052 434 2124 generatim
452 2055 479 2124 i.
498 2058 542 2113 96.
630 2054 744 2108 Contra
763 2053 931 2110 licereticos
949 2060 1042 2124 §.102
1062 2062 1120 2120 103.

63 2140 226 2215 Speciatim
243 2143 409 2217 descriptis
422 2146 594 2203 contraPa·
627 2147 677 2203 De
694 2146 825 2201 Petrum
843 2147 961 2203 ratione
975 2148 1156 2219 disputandi

98 2252 198 2308 ganas
213 2235 350 2294 homines
366 2243 392 2310 i.
409 2246 551 2300 97-100·
587 2302 590 2309 ,
663 2246 770 2296 contra
787 2238 977 2314 adversarios
995 2244 1156 2313 §.iot-tas.

539 2436 577 2527 §-
629 2431 691 2510 ss.
771 2484 796 2547 ι,

63 2531 297 2694 Postquam
315 2596 365 2673 de
380 2603 542 2675 Petrum
555 2595 753 2674 Ecclesiae
771 2596 910 2674 theolo
940 2599 977 2674 ‘a
994 2596 1160 2701 degina-

63 2698 146 2773 tica
160 2703 419 2775 commentati
429 2699 579 2790 sumus,
597 2698 649 2775 ad
663 2722 807 2785 eorum
823 2699 919 2775 theo
937 2698 1071 2801 ogiam
1085 2728 1160 2804 po·-

64 2798 254 2875 lemicam
275 2826 320 2875 ac
344 2799 486 2901 scripta
503 2825 578 2877 nos
595 2801 895 2890 convertimus,
924 2800 1069 2899 quibus
1096 2802 1161 2878 isti

63 2924 227 2975 errores
246 2897 507 2977 confutarunt
524 2928 568 2976 ac
577 2902 769 2977 veritates
777 2898 1049 2976 defenderunt
1065 2928 1163 2981 con·

66 2994 373 3099 firmaruntque.
418 3007 586 3105 Semper
608 2999 796 3091 fuerunt,
825 3001 895 3098 qui
917 3028 1041 3101 prava
1062 3003 1162 3105 dog·

64 3114 175 3175 mata
188 3098 419 3203 spargerent
442 3130 486 3178 ac
510 3104 646 3178 turbas
663 3098 840 3177 facerent
853 3103 897 3176 in
915 3102 1163 3180 Christiano·

65 3224 164 3279 rum
185 3202 390 3294 coetibus,
418 3204 607 3279 adversus
626 3227 729 3301 quos
744 3201 975 3305 pugnandi,
1000 3203 1163 3303 imposi-

65 3317 152 3377 tam
186 3300 257 3376 fibi
284 3302 359 3377 elle
390 3302 673 3393 neceffitatem,
706 3308 843 3379 Patres
871 3303 1160 3403 intelligebant.

67 3398 213 3479 Hostes
239 3428 365 3501 quum
395 3407 498 3481 varii
524 3402 646 3481 client
671 3405 855 3505 generis,
887 3418 969 3479 tres
996 3406 1163 3480 illorum

66 3502 309 3605 praecipuae
325 3504 470 3582 Claiies
487 3505 674 3580 constitui
690 3503 857 3593 debent,
878 3502 907 3579 fi
921 3504 1095 3581 maxime
1113 3503 1165 3580 ad

66 3604 333 3705 religionem,
361 3633 481 3706 qoam
503 3607 565 3680 illi
578 3602 742 3708 proieffi
763 3604 873 3696 sunt,
901 3606 1081 3681 animum
1097 3604 1167 3681 ad·

67 3720 291 3783 vertamus.
356 3709 435 3785 lilii
470 3722 584 3781 erant
612 3706 800 3782 homines
832 3704 1088 3809 superstitiosi
1118 3727 1165 3781 ae

67 3808 236 3906 plurium
263 3816 456 3883 nursinum
482 3812 595 3882 cultui
619 3811 784 3891 addicto
809 3809 877 3882 alii
903 3812 1060 3892 Iudaeis
1095 3807 1164 3883 alii

68 3904 270 4005 denique,
297 3910 368 4007 qui
387 3909 437 3984 ad
456 3907 703 3988 Christianos
727 3907 767 3984 ie
789 3908 1073 3993 adiunxerant,
1105 3932 1168 3984 er·

68 4032 190 4085 rores
220 4024 354 4085 autem
375 4009 617 4112 principales
645 4034 690 4084 ac
715 4011 854 4109 magni
874 4009 1074 4082 momenti
1097 4007 1166 4082 de·

67 4106 295 4187 iendebant
312 4136 358 4188 ac
372 4136 525 4191 nomen
542 4114 825 4189 Haereticorum
846 4107 1057 4184 habebant.

748 4207 837 4287 36*
