2542 4724
417 244 843 357 cananaea.
1117 248 1243 359 aaa<

89 434 333 509 annumerari
347 424 480 531 potest.
533 442 612 509 Nec
633 435 816 511 advocare
839 436 928 513 lieet
946 442 1006 511 Io.
1024 442 1191 517 Damar-

90 564 194 611 cnnr
210 538 482 621 Dialecticom,
509 538 691 633 quoniam
706 538 793 611 satio
811 535 965 625 constat,
991 540 1190 617 Damaso·-

86 666 187 745 num
203 640 307 710 hunc
323 635 406 734 post
419 643 562 739 Patres,
589 639 701 710 nobis
717 636 766 712 sic
782 640 926 727 dimus,
942 638 1090 739 'vixisse
1219 666 1223 673 ·

136 794 141 803 ·
192 774 369 871 Reliquas
409 772 675 869 Philosophiae
712 774 946 874 disciplinas,
994 776 1186 873 speciatim

38 894 41 899 '
70 866 301 975 'Phyficam
327 881 453 949 Patres
471 873 653 949 Ecolesiee
669 876 803 949 itidem
817 882 1087 977 neglexerunt,
1114 904 1186 955 nec

86 1002 134 1051 ea
151 972 431 1075 praestiterunt,
460 998 554 1075 quae
572 976 679 1049 utilia
699 977 786 1051 sunt
801 997 913 1075 atque
930 977 1017 1075 ipsis
1033 979 1185 1053 laudem

86 1078 326 1155 conciliant.¹
360 1085 484 1151 Immo
510 1076 538 1150 fi
565 1077 785 1164 dicendum',
820 1080 923 1175 quod
943 1106 998 1153 res
1016 1078 1084 1165 est,
1120 1108 1184 1153 an·

84 1180 273 1275 tiquiorea
305 1180 347 1250 hi
369 1185 555 1251 Doctores
587 1176 773 1251 christiani
800 1206 821 1252 a
851 1181 1020 1273 Physroes
1053 1180 1182 1255 studiis

85 1280 204 1353 alieni
228 1278 385 1353 fuerunt
414 1282 612 1375 variaeque
642 1278 860 1353 exstiterunt
884 1282 1040 1368 caussae,
1084 1309 1180 1379 quae

84 1382 239 1455 animos
263 1406 397 1453 eorum
416 1383 460 1453 ab
483 1378 558 1454 istis
583 1399 801 1454 averterent.
862 1389 906 1453 In
932 1368 1026 1468 illis,
1064 1403 1106 1456 ut
1124 1387 1182 1457 vi·

85 1482 212 1568 detur,
238 1484 411 1578 princeps
429 1501 518 1565 erat,
541 1482 647 1580 quod
663 1502 804 1557 veteres
822 1481 1043 1581 Philosophi
1060 1487 1183 1585 graeei

73 1582 131 1657 'in
145 1608 190 1655 eo
210 1606 362 1679 operam
377 1584 590 1681 ponebant,
626 1602 670 1657 nt
694 1610 751 1658 res
777 1588 963 1659 naturales
981 1610 1184 1682 earumque

83 1684 276 1759 rationem
294 1710 336 1757 ac
353 1683 489 1757 caussas
504 1686 726 1781 indagarent
743 1688 1182 1789 atqrreexplicapent31de
1230 1694 1236 1709 ’

83 1792 174 1861 Deo
193 1804 319 1857 autern
336 1788 504 1858 aciebus
523 1787 665 1863 divinis
684 1786 791 1859 salsas
809 1790 1019 1885 impiasque
1037 1789 1181 1861 senten·

82 1888 161 1959 tias
177 1888 497 1981 amplectebantur
514 1912 557 1961 aa
573 1886 800 1985 gravissimos
818 1916 958 1961 errores
976 1889 1180 1962 dissemina·
1231 1896 1244 1975 a]

82 1990 191 2061 bant.
244 1994 337 2059 Eam
363 1990 535 2083 inprimis
561 1990 610 2059 ob
638 1990 794 2061 corissum
820 1988 1093 2076 existimabant,
1127 1992 1180 2063 sa·

82 2090 233 2187 pientur
248 2115 314 2162 eos
334 2089 399 2161 fibi
418 2090 626 2173 consulere,
657 2092 721 2185 qui
738 2117 758 2159 a
775 2089 924 2182 Physica
943 2088 1175 2165 abstinerent.

84 2192 297 2263 Confirmat
315 2190 388 2263 hoc
412 2198 636 2273 Euserium,
672 2192 881 2285 qui-quum
906 2193 1009 2264 ineo
1031 2192 1098 2287 est,
1132 2212 1177 2264 ut

82 2292 193 2365 Libri
206 2300 275 2365 XV
289 2294 595 2387 Praeparationis
613 2294 859 2391 euaregesieae,
884 2312 960 2387 quo
979 2295 1177 2389 praecipue

82 2392 236 2493 phyfica
253 2394 572 2487 Philosophorum
591 2392 768 2493 dogmata
786 2394 951 2491 attingit,
976 2420 1176 2493 argumen·
1207 2388 1210 2393 ¹

82 2512 171 2567 tum
187 2494 347 2578 indicet,
376 2488 545 2593 Speciosa
567 2494 650 2575 illa,
679 2496 823 2589 inquit,
860 2498 1035 2595 egregiae
1057 2494 1186 2581 Grae,

85 2620 214 2669 corum
225 2586 666 2697 Philosophiae'reip-steria
685 2600 720 2665 in
737 2598 851 2667 lucem
870 2600 1076 2668 etiamnum
1087 2622 1177 2693 pro·
1195 2594 1198 2599 ’

74 2688 257 2797 [maanus
284 2712 320 2768 et
347 2724 460 2791 (precem
485 2696 574 2767 raihil
596 2706 706 2769 uerae
720 2692 937 2799 solidaeque
963 2700 1175 2771 eruditionis

84 2796 269 2884 habeant,
297 2802 461 2870 oxnnium
484 2802 519 2879 in
546 2800 659 2869 oculis
683 2796 901 2899 elepigarnus.
954 2800 1099 2897 Quibus
1119 2800 1174 2869 di-

86 2903 156 2975 ctis
170 2900 294 2972 addit:
326 2904 410 3003 {heo
429 2905 465 2989 in
482 2924 615 2997 genere
626 2904 788 2995 primum
805 2900 1175 2997 acproeciptutmhoc

72 3002 257 3105 futurum
280 2993 347 3097 est,
392 3016 432 3069 ut
453 3005 568 3095 (pei-ris
594 2996 794 3101 agnoscat,
838 3028 912 3073 nem
938 3004 1015 3072 ulla
1038 3028 1173 3085 rerum,

84 3130 180 3201 quos
197 3118 391 3197 tantopere
409 3104 656 3187 dernirnntur,
685 3108 939 3203 ignoratione,
962 3096 1031 3203 secl
1053 3106 1173 3173 inanis

34 3276 39 3283 ,
84 3229 215 3279 cartem
223 3195 340 3301 studii
358 3204 554 3287 contemne,
573 3228 718 3275 orrtriem
733 3229 851 3301 prope
869 3228 933 3275 izos
950 3206 1098 3275 illarum
1113 3230 1175 3273 cu·

83 3332 171 3401 rapt
186 3298 346 3405 exuiffe,
373 3308 505 3375 (ritimis
532 3306 582 3374 cui
604 3306 796 3375 meliorum
816 3306 918 3407 usum
941 3310 1190 3375 exercitatio·-

84 3432 241 3503 nemque
264 3406 452 3477 traductis.
507 3394 543 3475 Si
567 3422 604 3477 et
624 3413 749 3478 Patres
774 3411 814 3476 in
839 3408 943 3479 libris
967 3406 1040 3479 suis
1064 3431 1175 3502 quae·

85 3508 175 3581 dam
194 3508 239 3579 elo
254 3508 363 3579 rebus
378 3508 611 3579 naturalibus
631 3504 809 3593 asserunt,
843 3534 883 3579 ea
902 3508 986 3581 sane
1003 3508 1054 3579 ita
1072 3534 1175 3579 com·
1208 3516 1212 3523 '

80 3626 212 3709 parata
229 3608 334 3692 stent,
371 3628 414 3679 ut
431 3634 511 3679 non
532 3609 652 3681 solum
671 3610 772 3679 haud
789 3610 1016 3681 ntedioorem
1033 3612 1175 3681 horum

84 3712 293 3783 doctorum
310 3710 563 3809 ignorantiam
581 3711 755 3805 prodant,
766 3708 800 3799 *)
822 3710 1013 3783 sedetiam
1030 3712 1176 3783 nullam

78 3810 200 3887 nobie
221 3810 420 3907 praebeant
441 3812 653 3885 utilitatem.
713 3810 910 3887 Tollantur
928 3816 1025 3887 hanc
1039 3813 1079 3883 in
1096 3838 1177 3884 rem

82 3980 296 3997 *u*-

98 4072 145 4148 .⁰)
164 4066 342 4147 Cuiusmodi
361 4064 398 4119 ess
411 4068 570 4149 'Gnaoonn
587 4070 634 4123 M.
655 4070 814 4151 ileliratio,
839 4071 1009 4127 somniantis
1028 4073 1063 4139 in
1078 4068 1181 4125 Sicilia

156 4145 326 4262 pplpnrclrlrppl
329 4134 567 4267 iiiiffiiiff,
574 4149 602 4193 et
614 4138 757 4203 statuhom
773 4142 923 4199 montium
945 4142 1119 4199 incendium
1137 4144 1182 4196 in·
