2542 4724
414 290 568 371 ota.
609 303 656 369 11.
684 280 745 388 ‘§.
771 298 833 373 21.
906 400 908 404 Α
1079 262 1189 376 aaa>

17 480 22 519 ³
65 489 111 555 cit
135 483 228 555 Cirr.
256 489 320 555 Fr.
335 483 548 569 Matthaei,
577 482 766 580 Mosquae
786 485 894 560 1780.
922 483 958 560 4.
975 485 1014 573 ¹¹)
1065 494 1169 586 Quae

60 587 331 658 Nazianzenus
353 585 507 681 reliquit
532 592 711 658 Poemata
740 589 863 661 multa
888 588 1084 684 separatim
1102 617 1167 664 va·

58 686 184 758 riisin
203 688 302 760 locis
317 687 555 789 prodierunt.
1068 696 1092 725 '²
1150 688 1155 698 ’

159 816 478 885 Cnnrsosromr
512 832 876 902 monumentorum,
905 838 1000 913 quae
1024 798 1175 914 separas

54 913 124 988 tim
143 913 565 1009 lucem'adspexerunt,
600 917 691 987 haec
708 918 905 1011 praecipua
926 916 1101 990 exstanta‘
1166 996 1171 1013 Ι
1215 930 1217 934 ’

131 1014 174 1109 1)
202 1016 284 1107 Περὶ
308 1013 467 1107 ἱερωσύνῃ,
498 1016 543 1087 de
572 1019 790 1112 Sacer-dotia
817 1017 899 1088 libri
920 1023 1000 1104 VI,
1041 1030 1102 1118 gri
1128 1036 1164 1093 et

53 1120 145 1202 iat,
195 1118 386 1188 ernendae
422 1130 457 1187 et
491 1121 613 1201 aucti,
654 1108 843 1212 illustrati,
888 1143 958 1215 ope
987 1119 1165 1193 librorum

51 1214 272 1320 msptorum
289 1215 577 1288 eaeBtbliothecii
594 1221 774 1289 Palatina
789 1232 825 1290 et
841 1213 1081 1318 Augustam,
1101 1246 1162 1319 op.

51 1325 158 1391 Dav.
181 1311 408 1417 lloeschelii,
434 1320 531 1418 Aug.
548 1320 658 1391 vind.
677 1319 785 1395 1599.
810 1319 860 1403 8.,
886 1341 1162 1418 praeterquam

53 1422 293 1506 editionem,
322 1421 418 1491 duae
436 1422 529 1492 oliae
543 1421 585 1490 in
603 1422 726 1492 lucem
745 1422 937 1508 exierunt,
964 1425 1162 1499 mentione
1188 1465 1194 1495 t

55 1523 210 1623 dignae.
266 1523 432 1593 Alteram
452 1522 650 1594 adornavit
672 1528 727 1593 Io.
749 1523 926 1621 flagites,
963 1550 1017 1622 gr.
1039 1550 1081 1597 ac
1095 1529 1159 1598 lat.
1221 1522 1224 1527 ’

56 1650 99 1695 ae
114 1642 272 1721 praeter
284 1621 578 1719 praefationem,
614 1621 761 1695 addidit
783 1649 864 1695 non
887 1624 1011 1696 solum
1026 1625 1161 1699 Differ·
1249 1702 1252 1707 ,

58 1725 228 1797 tationes
254 1723 300 1796 de
317 1724 500 1823 dignitate
518 1724 756 1808 sacerdotali,
791 1723 853 1796 sed
871 1727 983 1798 etiam
1001 1727 1160 1820 Chryso·

59 1824 173 1899 stomi
197 1824 338 1911 vitam,
383 1850 428 1894 ex
455 1831 582 1896 Cavm
612 1815 778 1920 Historia
806 1828 989 1898 litteraria
1014 1829 1161 1901 desum·

60 1946 157 2013 tam,
187 1926 362 1998 Cantabr.
381 1928 490 1998 1710.
516 1926 555 1998 8.
591 1928 781 1998 etiterum
801 1928 910 1999 1712.
936 1930 985 2013 8.,
1014 1931 1160 2026 cuipo·
1187 2018 1193 2029 Ι

59 2026 395 2101 teriorieditioni
421 2028 523 2097 Sora.
554 2027 712 2126 Thirlby
735 2036 947 2100 Gneoonrr
973 2035 1156 2103 Nazianz.

58 2131 355 2227 Apologeticum
384 2153 454 2223 pro
491 2128 582 2226 fuga
616 2128 681 2199 sua
709 2129 904 2199 subiunxit
912 2158 924 2213 3
945 2130 1002 2220 **)
1044 2135 1160 2207 altera

57 2258 142 2305 tura
160 2236 223 2303 Io.
241 2228 325 2301 Alb.
345 2230 515 2328 Rerrgelii
534 2228 695 2324 prodiit,
731 2231 796 2324 qui
819 2230 940 2303 libros
964 2233 1036 2305 hos
1054 2237 1158 2307 notis

56 2330 262 2405 illustravit
286 2356 328 2402 ac
352 2356 479 2431 graece
509 2332 698 2426 latineque
720 2355 796 2403 una
824 2355 911 2402 cum
931 2335 1156 2427 prodromo,
1207 2374 1212 2385 ·

56 2435 162 2507 Nori
188 2429 419 2506 Testamenti
449 2433 571 2532 graeci
597 2450 696 2502 recte
728 2449 909 2526 cauteque
935 2433 1157 2523 edomandi,
1235 2463 1240 2469 ·

56 2539 96 2609 in
119 2538 251 2608 lucem
285 2534 422 2618 emisit,
467 2528 736 2631 stuttg.1725.
768 2537 803 2607 8.
821 2532 899 2623 ***)
966 2537 1161 2611 Laudatur

56 2637 172 2711 etiarn
195 2636 315 2709 editio
346 2634 461 2707 Micia.
494 2638 597 2732 Aug.
633 2635 884 2719 Giacomellii,
927 2660 983 2733 gr,
1008 2655 1044 2710 et
1068 2639 1158 2724 ital,

54 2742 171 2813 Rom.
199 2734 312 2811 1757.
341 2735 381 2825 li,
402 2742 525 2807 Emer.
554 2739 698 2833 Bigotii
728 2738 816 2809 edit.
845 2738 989 2830 prodiit
1005 2741 1160 2835 quidem

52 2846 135 2913 Par.
157 2838 269 2912 1680.
292 2836 349 2924 4.,
377 2838 438 2909 sed
457 2837 640 2933 suppressa
657 2834 717 2908 est.

137 2942 184 3028 2)
207 2946 264 3011 De
290 2941 531 3010 Providentia
547 2942 622 3009 Dei
637 2939 747 3009 Libb.
767 2943 836 3021 III,
874 2940 939 3034 qui
961 2941 1078 3013 latine
1099 2943 1157 3014 in·

55 3062 166 3117 certo
184 3041 389 3136 interprete
407 3040 629 3135 prodierunt
651 3036 771 3110 Alosti
793 3040 834 3108 in
850 3041 1023 3112 Flandria
1046 3043 1155 3129 1487,
1240 3056 1244 3064 '

54 3171 129 3217 una
148 3170 182 3217 c.
200 3147 384 3215 Sermone
403 3142 448 3212 de
465 3143 652 3211 humanae
670 3140 828 3237 originis
847 3141 1038 3240 dignitate.

126 3243 170 3321 3)
196 3245 279 3339 Περὶ
297 3252 462 3338 παρθενίας
487 3243 533 3313 de
559 3246 602 3311 V
599 3245 792 3339 irginitate
810 3238 922 3325 liber,
961 3268 1073 3341 qjtem
1096 3249 1154 3316 Io.

55 3346 418 3441 Linencius‘primus
443 3368 572 3443 graece
598 3343 734 3415 edidit:
770 3339 977 3414 versionem
1003 3369 1157 3440 quoque

54 3475 97 3522 ae
111 3450 249 3521 breves
267 3446 379 3520 notas
402 3445 592 3528 adiunxit,
617 3447 798 3539 Antverp.
819 3440 926 3517 1575.
951 3443 986 3515 4.

126 3550 173 3639 4)
195 3549 369 3622 Humilia
392 3546 416 3616 s.
444 3546 528 3618 Lib.
555 3548 621 3640 περὶ
644 3547 761 3616 aetina
783 3548 985 3635 ἀναστροφῆς
1008 3546 1054 3618 de
1072 3548 1157 3617 etiu-

57 3653 187 3723 candis
208 3648 350 3734 liberis,
374 3675 428 3747 gr.
448 3673 489 3719 ac
503 3649 567 3718 lat.
591 3672 611 3718 a
637 3652 768 3716 Fronc.
787 3637 1003 3747 Combtfifio
1021 3648 1156 3732 editus,

56 3757 133 3825 Per.
158 3748 270 3827 1656.
296 3753 332 3824 8.

64 3923 297 3939 *-

88 4014 113 4074 ·)
134 4008 271 4081 oraarng.
284 3988 343 4079 ger.
363 4010 435 4064 Am.
452 4028 478 4065 a.
499 4014 571 4066 naa.
600 4007 699 4063 aran.
716 4024 743 4079 p.
763 4011 823 4064 574.

88 4104 129 4169 '')
149 4102 248 4155 Actor.
265 4099 388 4155 Erudit.
408 4102 513 4173 Sap-pi.
532 4103 568 4162 V,
583 4106 642 4158 301.
679 4102 802 4155 ernon
820 4094 1165 4162 Riirliotir.clroilieX)ii,
1204 4157 1213 4165 .

130 4174 173 4227 84.
209 4170 295 4225 Neue
312 4168 463 4240 Hc'iilische
478 4169 618 4224 meliora.
635 4169 687 4234 ΠΙ,
704 4175 764 4226 052.

91 4265 148 4329 w)
168 4262 320 4331 Deutscha
337 4265 413 4318 Acta
431 4261 554 4321 Erudit.
570 4262 629 4326 IX,
646 4267 705 4321 846.

812 4336 857 4407 13
