2542 4724
130 250 209 334 aaa
477 256 557 328 ca
585 222 621 327 i».
646 256 695 327 x.
747 253 785 343 a.
813 243 900 324 tot.

129 443 229 517 tinet
245 462 286 513 ea
301 436 580 538 responfionem
598 439 646 510 ad
660 434 879 534 Epistolam,
901 458 1016 530 quam
1032 434 1223 523 Meletius,

130 542 316 617 Eusebius
333 539 591 614 Samosatenfis
608 540 745 637 aliique
758 536 934 612 Acaciani
954 537 1119 610 Ioviano
1133 542 1223 635 Imp.

97 644 101 651 ’
132 643 368 717 tradiderunt
384 640 707 741 acfignificarunt,
736 640 771 712 se
784 642 823 710 τὸ
838 635 1222 736 ipooiorouapprobarc

134 768 178 819 oc
194 742 404 816 doctrinam
419 745 622 815 Nicaenam
641 740 827 838 ampiecti.

179 892 186 913 '
234 875 277 967 7)
314 862 629 977 origenistas,
660 875 738 950 live
764 877 1114 973 Origenianos,
1147 878 1222 951 Au·

127 984 350 1052 'ausuros
374 980 473 1051 libro
499 980 550 1050 ad
575 970 743 1076 Orofium
776 990 908 1069 contra
931 966 1223 1077 Priscillianifios

134 1095 173 1152 et
184 1071 421 1174 Origenistas,
439 1080 504 1152 ubi
519 1097 651 1152 contra
661 1074 883 1179 Origeuiftas
900 1074 1102 1174 copiofiue.
1113 1104 1223 1177 quam

136 1181 311 1257 adversus
327 1178 615 1253 Priscillianistas
633 1181 797 1275 disputat
813 1197 927 1272 atque
942 1178 1121 1275 inprimis
1139 1180 1222 1255 isto·

66 1364 68 1368 .
133 1308 220 1355 rum
237 1282 469 1367 sententiam,
497 1307 661 1378 poenam
678 1283 944 1353 damnatorum
960 1304 1041 1352 non
1063 1278 1152 1355 fore
1168 1308 1223 1357 ae·

134 1398 293 1468 ternam,
309 1382 463 1469 refellit;
491 1389 787 1455 Hmtonrmus
803 1372 977 1477 Epistolis
990 1382 1223 1457 adPammo·

136 1482 260 1555 chima
286 1498 322 1554 et
342 1482 531 1555 Oceanum
555 1485 600 1555 de
621 1480 803 1557 erroribus
827 1484 894 1554 Ori
925 1484 1023 1560 enise
1048 1483 1096 1555 ad
1112 1488 1222 1559 Pam·

132 1581 323 1657 muchium
338 1585 423 1655 adv.
445 1576 608 1685 haereses
623 1587 792 1668 Ioannis,
818 1506 936 1680 Epifc.
954 1579 1223 1687 Hierosolymi-

70 1728 75 1757 t
135 1689 242 1765 tani;
268 1685 319 1756 ad
340 1681 596 1781 Theophilium
612 1686 698 1756 adv.
718 1683 881 1757 eundem
898 1685 1080 1755 Ioannem
1090 1690 1222 1761 Hiero·

128 1778 399 1883 solymitanum
407 1812 423 1865 ;
442 1787 534 1858 item
547 1787 653 1859 libris
670 1786 790 1859 tribua
805 1785 1035 1884 Apologiae·
1045 1788 1135 1859 udo.
1151 1792 1223 1861 au-

120 1880 276 1988 finum,·
310 1887 486 1960 nondum
511 1906 638 1961 autem
660 1884 825 1985 politum
857 1882 905 1958 est
931 1890 1042 1983 lupra
1071 1912 1223 1965 omnem

32 2066 35 2070 ,
134 1984 431 2075 dubitationem,
460 1988 660 2085 Origenem
675 2000 712 2061 e't
726 1987 923 2060 sectatores
948 1988 1028 2061 eius
1046 1988 1130 2062 iure
1143 1992 1222 2064 hao-

132 2086 263 2162 reticis
281 2090 536 2175 annumerari,
562 2090 723 2186 satisque
740 2084 903 2172 constat,
927 2089 1148 2185 antiquiore
1163 2118 1222 2189 pe-

134 2189 225 2261 riter
249 2215 291 2263 ac
312 2193 519 2263 recentiore
543 2208 663 2263 aetate
687 2191 732 2262 de
754 2192 823 2263 hac
837 2214 876 2263 re
892 2192 1012 2261 multa
1026 2192 1068 2262 in
1083 2211 1222 2265 utram·

135 2312 209 2385 que
235 2311 376 2387 partem
405 2290 590 2388 disputata
619 2290 705 2377 effe,
732 2291 783 2362 ita
808 2308 853 2361 vt
876 2292 1049 2386 quamvis
1067 2292 1222 2369 aliiOri·

134 2400 270 2488 genem
287 2392 496 2491 graviorem
520 2419 690 2467 errorum
713 2390 988 2480 infimularent,
1018 2395 1084 2467 alii
1100 2412 1222 2469 tamen

133 2518 221 2564 eum
247 2493 499 2567 defenderent.
515 2493 554 2589 ¹¹¹)
791 2494 794 2505 ’

236 2629 277 2719 8)
303 2631 523 2718 Arianae,
539 2631 836 2715 Arunnsws,
856 2630 1221 2727 quipraecipuumao

134 2725 306 2802 constans
330 2727 494 2803 studium
519 2732 560 2803 in
585 2732 819 2831 profliganda
833 2732 976 2807 .haerefi
992 2734 1135 2808 Ariana
1158 2758 1220 2834 po·

134 2829 208 2902 suit
227 2855 269 2902 ac
284 2833 403 2903 multa
425 2832 569 2932 ingenii
586 2852 835 2906 monumenta
852 2834 1025 2907 adversus
1041 2831 1151 2910 istam
1170 2860 1220 2909 re·

133 2932 265 3024 liquit:
305 2933 471 3029 quinque
501 2936 682 3008 nimirum
709 2933 903 3006 Orationes
934 2935 960 3007 s.
986 2935 1220 3032 Disputatio·

112 3056 201 3103 -nes
221 3048 354 3104 contra
368 3038 549 3123 Arianos,
578 3061 668 3133 quas
688 3036 785 3109 solas
804 3037 852 3107 ad
864 3037 1125 3110 Arianismurn
1145 3038 1219 3110 uni·

133 3133 283 3206 versum
306 3134 554 3209 refellendum
579 3135 760 3237 sufficere,
797 3143 992 3210 Pnorws
1018 3140 1113 3209 eod.
1132 3142 1216 3211 CXI.

133 3258 171 3332 p.
195 3233 279 3311 315.
304 3238 547 3333 pronuntiat3
583 3240 952 3311 commentationem
981 3240 1024 3310 in
1049 3234 1216 3312 effatum:

139 3338 276 3407 Omnia
293 3339 382 3410 rniln'
401 3334 643 3442 traditasunt
660 3366 684 3410 o
701 3343 841 3420 Patre;
858 3360 1022 3437 quatuor
1039 3330 1218 3437 Epistolas

39 3508 42 3513 A
136 3439 189 3527 ad
221 3442 480 3534 Serapionem,
523 3466 682 3536 quarum
711 3441 852 3536 prima,
887 3442 994 3515 tertia
1027 3459 1065 3515 et
1096 3458 1218 3539 quarto

136 3538 295 3634 Spiritus
312 3545 367 3626 8.,
395 3542 554 3614 secunda
572 3561 697 3615 autem
714 3542 799 3614 Filii
822 3544 1059 3615 divinitatem
1079 3559 1218 3628 matun

136 3638 182 3713 de
198 3642 345 3740 Syrrodi
359 3645 548 3715 Nicaenoe
571 3658 702 3716 contra
725 3636 886 3742 haerefin
909 3648 1087 3715 arianam
1105 3642 1218 3716 decre·

169 3886 196 3954 *)
221 3884 290 3939 vid.
316 3883 338 3940 1.
357 3886 409 3942 Gr.
429 3886 547 3942 Warou
570 3884 710 3943 Bzirlt’otir.
735 3890 824 3947 theol.
850 3886 909 3951 111,
924 3893 984 3946 776.
1021 3885 1152 3944 Μιττι.
1168 3884 1219 3941 he.

202 3954 312 4007 Nonur
337 3954 372 4006 de
398 3953 590 4025 Origenianis
608 3956 636 4028 s
661 3957 717 4013 on·
737 3956 844 4026 eruistis.
880 3959 967 4012 Hafn.
992 3963 1069 4016 mo
1087 3965 1116 4016 4.
1151 3958 1220 4013 Hor·

202 4040 269 4076 run
287 4024 318 4076 in
339 4020 515 4097 Origenion.
533 4025 599 4082 Lib.
617 4026 665 4087 II.
723 4047 773 4088 tut.
788 4030 839 4091 W.
857 4028 965 4086 Fatue·
984 4028 1106 4087 Wam
1124 4031 1220 4087 lim·

203 4090 302 4165 gesen.
322 4091 386 4163 vu,
403 4097 462 4155 562.
