2542 4724
130 262 206 341 ece
435 262 524 340 ct
552 267 721 336 arm.
775 264 811 353 e.
841 240 962 361 aas

276 406 283 425 .
939 364 955 423 Ι

128 455 359 552 pairarat-reis
388 448 437 521 iai
460 452 497 522 τὸ
524 446 664 542 μονᾶζειν
695 452 914 542 εἷσαγοῦσιν),
954 450 1045 524 libri
1073 451 1153 525 duo
1177 446 1228 525 'od

129 558 285 629 viduam
295 555 472 624 iuniorem
489 551 545 640 (εἰς
564 553 714 643 νεωτέραν
728 553 962 645 maracleae),
984 553 1083 626 liber
1098 558 1224 650 paullo

131 675 218 728 ante
236 656 386 727 obitum
403 653 578 746 scriptus,
607 654 707 747 qnod
728 677 834 724 eterno
854 656 1033 740 laeditur,
1063 660 1131 727 nir
1148 684 1173 728 a
1188 653 1227 757 je

129 753 208 858 ipso
233 756 305 848 (ὅτι
328 762 382 827 τὸν
406 758 519 825 ἑαυτὸν
533 756 577 843 μὴ
596 757 788 840 ἀδικοῦντα,
818 753 916 841 οὐδεὶς
936 759 1161 849 παραβλὰψαι
1181 757 1228 831 dd·

129 869 249 941 verer).
300 864 359 927 De
384 857 481 939 vita,
508 856 569 950 pie
595 873 766 951 recteque
791 853 1038 944 instituenda,
1068 860 1227 952 Chryso·

130 958 294 1047 stomaro,
320 983 401 1029 non
420 954 543 1026 solnm
562 959 746 1051 praeclare
763 959 937 1055 exposuit
954 962 1142 1056 omnique
1159 958 1227 1033 stu·

131 1062 196 1132 dio
223 1061 316 1130 alios
343 1059 389 1128 ad
421 1056 689 1129 sanctimoniae
717 1058 1023 1132 exercitationem
1048 1063 1225 1136 hortatur

130 1158 191 1246 est,
216 1161 278 1233 sed
297 1160 409 1231 etiam
426 1184 520 1253 quae
539 1158 651 1242 dedit,
679 1179 873 1256 praecepta
892 1164 1085 1256 praeclaro
1106 1189 1226 1236 exem·

127 1264 195 1360 plo
220 1261 478 1343 confirmavit,
509 1284 627 1354 quum
652 1258 806 1344 constat,
833 1264 1033 1334 enmvitae
1049 1263 1225 1338 sanctiori

127 1365 290 1436 multam
303 1385 455 1457 operam
467 1352 611 1431 dedisse.
656 1363 727 1432 Sed
742 1363 896 1433 vivendi
910 1364 1114 1457 rationem,
1135 1390 1224 1444 auae

126 1466 412 1539 Monachorunr
436 1463 588 1558 propria
622 1460 690 1547 est,
716 1463 830 1535 nimis
856 1467 984 1562 magni
1009 1454 1224 1540 aestimabat

129 1585 241 1662 atque
263 1567 303 1636 in
326 1565 466 1636 eximio
488 1564 638 1634 honore
660 1565 831 1650 habebat,
858 1585 894 1637 et
909 1591 1027 1660 quum
1044 1570 1224 1664 eloquen-

126 1667 220 1752 tiae,
249 1692 321 1761 qua
338 1665 496 1748 valebat,
522 1688 604 1736 non
622 1661 761 1737 iustum
779 1691 820 1738 ac
837 1666 1043 1761 sapientem
1062 1666 1221 1743 modum

127 1784 291 1851 teneret,
330 1769 485 1862 planum
519 1790 560 1836 ac
585 1763 741 1860 simplex
765 1766 912 1840 dicendi
943 1793 1084 1865 genus,
1120 1771 1222 1867 quod

127 1869 300 1939 doctrina
334 1867 487 1939 moralis
519 1869 696 1961 requirit,
740 1869 915 1964 neglexit.
975 1875 1035 1941 De
1063 1872 1222 1966 Chryso·

125 1966 248 2042 stomo
266 1974 385 2064 quuni
404 1974 460 2059 Io.
479 1974 630 2040 Fatue.
648 1974 852 2041 Bonnnos
874 1964 1030 2071 Isagog.
1054 1974 1108 2042 ad
1124 1976 1220 2047 theo·

127 2074 271 2171 logiam
289 2062 493 2169 urzieersanz
509 2070 611 2140 Libr.
628 2076 674 2142 II.
694 2077 780 2165 Cap.
798 2071 834 2143 ss.
851 2069 887 2155 ὦ.
906 2072 939 2146 5.
965 2098 1001 2167 p.
1013 2071 1103 2146 633.
1125 2075 1220 2149 disse·

123 2174 187 2260 rit,
215 2174 310 2245 bene
329 2171 611 2242 animadvertit:
653 2176 699 2241 ln
715 2166 864 2272 scriptis
890 2177 965 2244 eins
988 2177 1113 2245 rtrulta
1131 2172 1221 2249 recte

125 2288 164 2347 et
181 2275 373 2370 praeclare
394 2274 514 2355 dicta,
542 2296 649 2343 nenw
668 2288 803 2343 temere
821 2264 1054 2367 diffitebitur,
1073 2273 1220 2375 semper

124 2391 251 2447 tamen
276 2367 471 2473 meminiffe
486 2387 651 2469 oportet,
681 2380 763 2444 euni
782 2392 969 2453 oratorem
993 2370 1080 2477 effe,
1112 2382 1219 2454 adeo-

124 2502 195 2573 que
227 2502 293 2548 erec
324 2480 361 2546 in
390 2473 528 2560 verbis,
568 2500 633 2545 nec
649 2469 841 2576 sententiis
875 2475 1006 2566 ubique
1035 2496 1217 2557 exactum.

50 2652 52 2656 Α
123 2584 301 2674 Namque
326 2579 376 2647 ad
400 2577 658 2646 dernnlcendas
682 2600 805 2661 aures,
841 2579 892 2649 acl
917 2584 1164 2654 concitandos
1186 2589 1218 2655 ia

123 2671 302 2780 affectunt
333 2682 497 2762 animos,
532 2681 674 2775 inagis,
709 2705 823 2774 qnam
850 2680 900 2750 ad
931 2685 1219 2757 convincendum

120 2783 366 2863 intellectam,
398 2805 512 2874 qnam
530 2781 580 2850 ad
596 2785 810 2865 veritatem,
837 2794 904 2851 aut
919 2784 1066 2871 ἀκριβῶς
1080 2811 1217 2883 propo·

121 2885 220 2953 rterzd
272 2911 305 2967 e,
341 2897 408 2951 aut
442 2885 511 2950 rite
541 2870 888 2969 derrzonstrandem,
923 2874 1079 2976 istorum
1103 2886 1217 2961 leomi-

120 3010 210 3054 nnm
222 2908 343 3082 zano
362 2997 602 3078 coaeparatur
621 2976 685 3084 effe
699 2977 801 3078 folet.
812 2983 848 3072 *)

226 3088 440 3158 Amnnosn
459 3085 558 3168 libri,
577 3085 617 3152 in
637 3087 775 3179 quibus
789 3086 920 3169 multa,
939 3086 986 3156 ad
1005 3086 1217 3163 doctrinam

119 3190 304 3260 moralem
333 3179 551 3280 spectantia,
580 3184 775 3257 habentur.
828 3192 872 3256 In
894 3188 968 3259 illis
992 3185 1044 3259 est
1070 3192 1215 3263 libellus

100 3278 105 3283 ’
122 3291 167 3360 de
185 3290 369 3389 dignitate
386 3286 573 3357 surraanae
593 3289 824 3370 conditionis,
853 3314 928 3382 quo
949 3291 1150 3389 egregium
1167 3318 1215 3363 er·

120 3409 343 3492 gumentunr
365 3408 555 3459 enarratur
579 3407 691 3485 atque
710 3387 935 3472 ostenditur,
961 3390 1138 3465 hominis
1157 3420 1216 3465 na·

119 3506 245 3562 turam
262 3491 332 3559 Dei
353 3489 539 3560 sutnrnam
560 3491 789 3585 sapientiam,
818 3492 1095 3584 potentiamne
1113 3496 1215 3568 boni·

118 3607 234 3661 tatem
257 3616 344 3687 prae
367 3591 401 3661 se
427 3590 540 3675 serre;
568 3593 754 3674 animale,
776 3593 880 3687 quod
906 3593 1057 3665 ratione
1087 3615 1214 3680 careat,

51 3710 54 3715 ’
117 3691 235 3789 longe
261 3694 492 3775 antecedere,
527 3691 626 3787 sique
651 3690 892 3787 praestantiae
916 3695 1031 3766 surius
1057 3696 1212 3797 diligens

119 3816 162 3863 ac
179 3809 277 3863 recta
299 3794 363 3863 siat
380 3793 597 3880 meditatio,
623 3797 772 3866 animos
798 3792 947 3868 nostros
973 3821 1213 3873 commorere

124 3961 325 3976 *nu——

152 4039 179 4104 ⁶)
205 4034 249 4089 ct.
274 4032 374 4089 Durrn
400 4033 490 4089 Nona
526 4033 662 4091 aeliota.
688 4036 861 4095 Auctorem
895 4032 1052 4107 ecelefiase
1081 4041 1141 4107 111,
1174 4046 1209 4103 a

186 4102 340 4161 Sriunnrn
358 4102 378 4157 Ι.
397 4121 420 4159 e.
440 4104 491 4172 ΙΙΙ,
508 4110 568 4165 221.
