2542 4724
397 248 640 329 crem
688 252 812 344 §.hu
916 190 919 197 Ι
1076 260 1151 339 295

53 442 280 538 disputatur.
332 434 516 519 Dissentio
540 438 590 513 est
611 441 656 513 de
671 442 926 517 Homih'rrrunt
943 448 981 517 in
998 448 1153 521 Hexoe}

51 568 183 616 nteron
206 561 244 615 et
257 535 481 641 irtPsahnos
503 534 675 625 numero.
731 549 834 640 Quae
858 547 908 617 nd
931 571 1004 619 nos
1019 574 1159 644 perve··

51 662 208 731 nerunt,
232 644 429 714 Orationes
446 668 526 713 non
541 668 677 716 omnes
696 648 762 716 uni
779 646 976 741 eidemque
988 650 1150 733 Auctori
1237 678 1241 697 ¹

53 746 288 817 tribuuntur.
339 744 529 814 Nonnulli
545 745 740 829 dubitent,
773 745 950 819 Befilium
965 748 1084 823 libros
1103 751 1151 829 de

51 848 250 943 Baptis'mo
265 844 522 938 composuisse,
540 840 682 941 quibus¹
695 846 757 917 alii
774 868 996 946 repugnant.
1031 856 1154 922 Com*

53 944 239 1021 mentatio
258 946 304 1015 de
319 968 409 1015 nero
433 949 474 1015 V
473 944 664 1053 irginitote
680 948 811 1019 itidem
832 950 872 1018 in
894 948 1149 1023 controversia

54 1046 113 1123 efi.
162 1054 224 1119 De
239 1046 362 1119 Libris
377 1045 548 1145 adversus
562 1051 787 1120 Eunomium
803 1074 883 1120 non
902 1047 950 1122 est
966 1051 1150 1123 Erudito·
1226 1100 1237 1123 Ι

53 1176 139 1223 rum
172 1144 382 1221 consensio,
446 1153 559 1231 Sunt,
605 1149 741 1242 quibus
776 1154 1072 1229 Commentarius
1107 1154 1147 1223 in

52 1256 180 1347 priora
198 1252 311 1325 XVI,
330 1250 422 1341 Cap.
441 1242 582 1347 Iesoine
598 1248 783 1344 suspectus
800 1251 962 1338 videtur,
983 1254 1049 1347 qui
1067 1253 1146 1325 exio

49 1348 215 1433 stimant,
236 1349 369 1423 ultima
388 1354 462 1419 XV.
474 1350 602 1444 Capite
619 1350 706 1421 libri
725 1351 771 1422 de
788 1356 928 1449 Spiritu
948 1354 986 1425 S.
1006 1353 1146 1448 suppo..

53 1450 120 1525 fita
141 1448 221 1523 esse.
280 1455 340 1523 De
358 1443 529 1549 Asceticis
553 1451 797 1546 antiquorum
821 1479 864 1523 ec
886 1453 1148 1527 recentiorum

55 1552 257 1648 opiniones
274 1552 372 1621 inter
388 1551 424 1622 se
444 1551 665 1646 discrepant.
714 1553 890 1648 Inprimis
910 1554 956 1625 de
970 1546 1145 1651 Epistolis

55 1652 292 1727 vehementer
308 1653 553 1747 disceptatur,
590 1678 667 1749 quo
694 1677 816 1740 anno,
851 1679 927 1750 quo
945 1656 1090 1743 mense,
1118 1680 1164 1735 ι,

57 1778 152 1850 quo,
174 1754 223 1825 ad
244 1779 376 1850 quem,
404 1777 477 1849 qua
493 1752 538 1826 de
551 1776 594 1827 re
607 1756 693 1835 illae
709 1754 937 1853 conscriptae
954 1753 1035 1829 fine
1158 1752 1163 1767 ”

155 1958 358 2048 ruit-10.
385 1961 687 2035 censorum
719 1950 889 2054 epistota
921 1960 973 2031 ae
1005 1952 1139 2057 erosa·
1195 1936 1199 1945 '

59 2062 149 2131 rium
165 2059 416 2144 Monachum,
445 2062 490 2131 de
507 2087 578 2155 qna
595 2063 719 2143 multa,
731 2062 917 2155 disputate
935 2058 1019 2144 esse,
1048 2085 1154 2145 con-‚

62 2156 142 2245 hrt,
167 2186 262 2233 mtm
287 2163 491 2232 exaraverit
514 2164 619 2232 illem
644 2159 948 2252 chrysostomus,
974 2187 1044 2233 nee
1059 2159 1142 2233 neh
1246 2208 1249 2213 -

62 2266 181 2357 Quum
191 2262 339 2335 exhibet
353 2264 416 2332 ille
426 2261 568 2359 insigne
577 2261 741 2333 veritatis
750 2260 1016 2345 testimonium,
1031 2260 1140 2356 quod

62 2388 188 2457 pravae
211 2363 406 2435 doctrinae
432 2364 477 2435 de
501 2361 909 2436 transsubstantiatione
932 2380 1056 2457 aperte
1078 2386 1144 2433 re«.

62 2482 219 2561 pugnet,
258 2462 452 2536 Pontificis
485 2468 596 2537 Rom.
635 2463 832 2535 sectatores
872 2464 1139 2537 auctoritatem

10 2612 12 2625 ·
62 2566 133 2637 eius
150 2564 374 2637 imminuere
390 2563 505 2635 ennifi
525 2566 621 2647 sunt,
647 2566 816 2659 hancque
834 2564 873 2635 in
890 2590 969 2635 rem
992 2564 1051 2633 vel
1068 2588 1156 2643 nen.

64 2684 201 2761 gerunt,
220 2667 451 2739 'littereehas
469 2691 489 2735 a
506 2663 769 2758 chrysostomo
787 2683 950 2737 excretus
967 2663 1045 2747 esse,
1073 2664 1138 2735 ve}

64 2790 116 2851 er,
147 2792 242 2863 quae
259 2767 324 2837 ille
342 2768 388 2837 de
403 2773 437 2839 S.
458 2773 581 2837 Coena
599 2764 756 2861 scripsit,
786 2766 955 2861 peruerse
976 2765 1141 2859 explicat

63 2886 153 2939 runt.
200 2874 323 2939 Exeo
350 2885 436 2937 nata
461 2866 549 2939 sunt
569 2867 963 2963 longiora-certamina
981 2860 1023 2936 a'c
1046 2888 1136 2934 cou-

63 2982 111 3037 tre
133 2967 353 3039 Pontificios
377 2966 469 3039 setis.
484 2968 686 3062 probatum
711 2963 778 3052 est,
813 2963 1000 3063 Epistolae
1020 2965 1136 3036 huius

64 3068 254 3141 Auctorem
279 3068 437 3139 omniuo
473 3066 540 3140 esse
565 3064 883 3159 chrysostomum,
939 3061 1140 3137 Testemue

65 3166 97 3237 id
107 3174 254 3241 Veteres
271 3194 313 3240 ac
331 3164 512 3266 suffragiis
535 3168 608 3239 suis
632 3168 875 3261 confirmant,
910 3166 1016 3237 illem
1040 3164 1136 3237 olim

68 3266 173 3341 adhuc
195 3272 382 3367 integram
403 3294 531 3367 graece
553 3265 728 3340 exstitisse.
785 3267 1006 3339 Laudarunt
1027 3262 1138 3337 istaut
1216 3322 1221 3343 .

68 3368 205 3467 eiusque
232 3370 402 3441 fecerunt
433 3370 667 3441 mentionem
690 3368 877 3467 entiquus
905 3368 1068 3451 Auctor,
1112 3389 1137 3441 tt

69 3468 202 3543 strue.
221 3477 442 3543 Tunntsuo
466 3471 506 3539 in
523 3472 648 3541 lucem
668 3470 811 3557 editus,
843 3468 908 3564 qui
924 3485 1054 3539 contre
1071 3470 1134 3537 Se·

71 3572 225 3644 terimus
246 3590 284 3643 et
304 3573 512 3664 Acephelos
531 3568 670 3665 scripsit
677 3595 689 3654 3
723 3572 764 3641 it.
789 3577 846 3642 Io.
863 3576 1133 3649 Damascentts,

72 3670 297 3767 h‘icephorus.
331 3678 411 3747 Nec
426 3669 621 3744 difficulter
637 3670 850 3763 responderi
864 3666 995 3766 potest,
1017 3691 1133 3761 quan·

75 3764 111 3839 tho
134 3774 326 3845 adversarii
353 3773 555 3857 obiiciunt,
606 3768 812 3867 Epistulam
835 3773 932 3843 hanc
956 3766 1069 3841 deesse
1090 3766 1135 3839 in

10 3922 22 3933 .
75 3870 222 3959 plurimis
255 3874 399 3959 Codd.,
439 3875 505 3969 qui
538 3872 679 3967 reliqua
712 3869 965 3965 chrysostomi
998 3866 1134 3962 scripte

10 4034 24 4061 Ι.
78 3976 364 4068 complectantur,
391 4001 460 4044 nec
473 3972 578 4046 istem
592 3976 632 4044 in
650 3974 814 4045 eiusdem
835 3968 1027 4067 Operibus,
1048 3969 1132 4037 iun·

18 4152 24 4161 ,
82 4068 149 4145 ttim
170 4076 295 4164 editis,
337 4076 507 4149 inveniri.
577 4077 755 4173 Quemvis
795 4075 895 4147 enim
927 4068 1135 4167 Epistoltm
