2542 4724
360 280 514 381 ci».
538 302 636 376 xm
684 299 718 390 t.
745 298 837 383 134,
1075 310 1154 393 735

56 516 147 571 eum
171 486 333 591 legimus
357 486 499 559 Homil.
527 486 700 558 XXVII.
725 486 762 573 §.
789 490 850 564 11.
871 512 909 589 p.
926 490 1013 573 378.
1065 502 1153 587 Hui,

55 596 201 670 minem
228 592 276 663 ad
298 589 488 661 eiusmodi
511 585 755 683 perfeetibnis
772 592 932 688 gradum
949 605 1151 693 pervenire

55 694 173 794 peffe,
198 712 242 764 ut
265 693 412 763 animus
434 690 500 761 fiat
514 710 656 761 vacuus
672 690 717 759 ab
737 695 845 763 omni
859 700 1149 789 perturbatione

57 814 99 870 et
122 792 270 880 affectu,
298 794 409 864 docet
428 790 547 863 Libro
573 790 620 863 de
643 789 822 864 Oratione
841 800 929 893 Cap·
944 804 1008 871 XI.
1023 828 1062 899 p.
1082 804 1152 880 62,

59 890 230 997 opuscul.

159 1002 423 1078 Errrutnro,
449 994 580 1090 quiin
604 994 776 1068 doctrina
801 996 848 1068 de
868 1002 953 1072 Deo
977 1001 1150 1079 Anthro-¹

54 1098 339 1199 pomorphismi
362 1096 552 1168 accusatus
576 1092 642 1181 est,
677 1114 862 1193 patronus
886 1100 1044 1177 surrexit
1064 1112 1147 1183 Ios.

55 1206 166 1277 Am.
185 1205 397 1283 Cnnrovt,
415 1198 454 1267 in
474 1192 573 1269 libro
599 1198 707 1293 supra
738 1224 775 1295 p.
793 1202 880 1271 711.
907 1202 1037 1277 citato.

160 1299 1150 1405 Cunrsos‘romus,quiquumpernimiumeloquen!

56 1405 132 1477 tiae
151 1400 316 1477 studium
341 1401 383 1470 in
408 1400 635 1495 explicandis
653 1403 884 1500 argumentis
900 1403 1037 1481 divinis
1062 1408 1149 1485 fim-

55 1507 194 1607 plicem
212 1520 248 1574 et
262 1503 412 1599 planam
427 1486 575 1573 dic‘endi
591 1502 776 1575 rationem
792 1504 1008 1605 negligeret,
1023 1513 1148 1586 multa

58 1608 259 1681 curatione
274 1601 479 1686 edifferuit,
496 1620 538 1673 ut
553 1600 662 1675 facile
678 1604 726 1675 ed
741 1606 926 1699 perversas
944 1606 1146 1687 sententies

57 1709 159 1781 trahi
181 1700 327 1803 poffint.
379 1708 533 1775 Fatetur
552 1703 627 1776 hoc
644 1705 720 1801 ipse
734 1712 859 1778 Dion.
876 1712 1084 1787 Purnvrus
1100 1713 1146 1788 in

57 1798 415 1905 Animadverſsonib.
436 1804 696 1900 adEpipbanii
712 1800 873 1906 haerifin
883 1811 985 1882 mx
1004 1838 1041 1909 p,
1055 1813 1144 1889 2114,

57 1910 193 1981 Multa
206 1902 308 2009 sunt,
330 1905 467 2002 inquit,
495 1932 519 1975 α
532 1899 961 2003 [anctfflmr's,Patribus,
976 1910 1145 2016 praefir-

58 2017 198 2107 timque
214 2037 238 2081 a
260 1996 518 2106 Chryjostorrro
540 2011 577 2076 iu
594 2010 769 2079 Homilir's
792 2004 976 2110 adspersa,
999 2010 1146 2115 quaest

58 2115 114 2185 ud
129 2125 285 2183 exactae
299 2111 464 2180 veritatis
482 2110 655 2206 regulam
671 2114 955 2184 accorrtmociare
970 2118 1162 2204 volueris,

59 2214 149 2289 boni
159 2206 281 2312 sensus
296 2214 423 2281 inania
432 2210 663 2281 videbuntur.
719 2216 866 2315 Quippe
875 2214 1145 2292 declamatorio

58 2316 239 2389 turmore
252 2315 302 2384 ad
311 2314 521 2409 imperitam
524 2309 608 2409 fere
615 2313 898 2399 multitudinem,
908 2340 1149 2417 exaggeran-

58 2420 102 2489 di
118 2407 240 2525 cauffir
249 2442 265 2494 ,·
283 2429 319 2484 et
330 2407 449 2510 subito
468 2415 633 2505 quodam
649 2418 788 2509 impetu
805 2417 947 2487 dicendi
964 2444 1009 2489 uc
1022 2422 1147 2495 calore

58 2517 217 2618 prosuja
246 2516 423 2615 seruntur
453 2513 670 2610 plerumque
709 2516 883 2589 licentius.
949 2522 1058 2595 Unde
1097 2546 1147 2596 em

59 2620 222 2692 aliorum
239 2620 519 2713 comparatione
535 2617 719 2703 locorum,
738 2621 797 2689 uel
816 2623 1062 2693 conciliorum
1076 2648 1147 2719 po-

60 2724 135 2793 tius
164 2746 209 2791 ac
232 2722 391 2789 Petrum
424 2720 667 2810 temperantia
692 2733 728 2790 et
751 2724 952 2821 ingyrum
979 2729 1149 2800 veritatis

58 2823 271 2894 revocanda
285 2818 380 2916 [unt.
434 2828 477 2892 In
495 2817 638 2915 scriptis
656 2822 735 2892 eius
750 2823 939 2921 leguntur,
957 2850 1052 2921 quae
1072 2852 1148 2897 no·

58 2923 208 2996 biscum
232 2921 473 2994 sentientibus
507 2920 593 2993 setis
618 2922 709 2993 dura
733 2922 801 2994 effe
826 2925 962 2997 debent
987 2944 1025 2999 et
1050 2952 1148 3025 quae

58 3048 142 3097 non
160 3025 303 3120 semper
326 3048 412 3095 cum
429 3022 604 3109 veritate',
624 3022 663 3093 in
681 3024 787 3097 sacris
803 3026 937 3099 litteris
964 3027 1148 3105 divinitus

57 3124 378 3223 nobispatefacta,
389 3142 617 3225 congruunt.
673 3128 814 3210 Tradit,
830 3128 1032 3217 Davidem,
1047 3130 1149 3205 Psat-

57 3252 164 3311 mos,
188 3228 253 3322 qui
270 3226 617 3323 quinquageiimum
636 3229 809 3322 proxime
828 3229 1149 3325 sequuntur,s1ne

60 3331 204 3425 Spiritu
230 3336 262 3398 S.
286 3326 465 3421 scripiiss'e.
518 3332 666 3398 Senon
689 3354 783 3423 quae
799 3328 945 3402 nostrae
964 3332 1149 3409 Eccleliae

59 3428 113 3505 est
129 3430 319 3510 sententia,
347 3429 486 3522 peccati
505 3430 698 3525 originalis
716 3428 936 3503 instructum
955 3432 1081 3520 suillo,
1104 3437 1146 3507 in

58 3558 107 3607 eo
126 3529 363 3629 fignificarit,
382 3532 486 3623 quod
498 3550 630 3601 natura
646 3531 682 3599 in
701 3530 810 3604 nobis
824 3553 1018 3627 peccatum
1035 3536 1148 3609 ineffe

57 3651 173 3733 negat
198 3656 317 3725 eoque
341 3633 503 3703 inientes
530 3656 651 3702 carcre
677 3630 778 3701 dicit.
838 3636 974 3707 Multis
991 3638 1032 3707 in
1048 3638 1145 3709 locis

56 3734 293 3807 naturalibus
309 3731 508 3803 hominum
525 3734 668 3803 viribus
684 3734 789 3826 plus,
808 3758 921 3827 quam
939 3736 1061 3821 decet,
1081 3742 1146 3810 tri-

57 3836 162 3920 buit,
188 3860 257 3903 nec
282 3834 467 3905 delibero
497 3835 651 3904 arbitrio
678 3835 748 3903 rite
770 3836 936 3929 exponit.
989 3840 1146 3915 Piorum

58 3937 205 4007 nninrns
232 3954 317 4004 ante
342 3954 490 4029 tempus
520 3936 680 4029 supremi
707 3934 838 4006 iudicii
854 3938 902 4007 ml
927 3938 1049 4011 sedum
1066 3966 1146 4012 cae·

55 4034 186 4109 lelium
215 4036 317 4105 lmutl
348 4036 563 4129 pervenire,
594 4054 703 4131 putat
738 4053 774 4105 ct
809 4060 935 4130 preces
961 4064 1033 4135 pro
1057 4043 1144 4137 iptis

57 4140 245 4211 eminetis
267 4136 417 4233 probat,
441 4162 535 4234 quae
558 4158 595 4209 et
619 4139 700 4225 elia,
720 4136 1022 4231 nChryiolioruo
1040 4146 1144 4219 haud
