2542 4724
124 296 203 377 684
425 293 462 371 C
490 312 515 365 a
544 315 581 367 r.
616 294 718 370 xm.
772 295 808 385 ᾗ.
836 290 922 367 128.
997 412 1000 419 Ι

123 488 283 562 nornine.
339 484 531 567 Ceterum,
548 470 587 591 fi
603 504 672 577 per
689 478 783 550 moli
800 476 1052 550 conditionem
1077 484 1228 581 cogitur

123 586 265 663 banton
289 586 378 669 dici,
408 608 483 653 non
510 596 593 651 turn
625 579 763 659 boumn
789 572 840 673 eft
863 606 979 675 qttam
995 606 1120 681 genus
1137 584 1230 655 ruoli

122 688 330 788 inferioris,
358 686 459 781 quosl
477 710 500 753 o
505 678 697 785 superiore
712 682 815 753 niolo
835 674 1075 781 obscuratum
1093 684 1148 785 od
1164 692 1228 757 rio·

45 852 57 870 .
110 814 210 863 ¹rnen
243 786 329 857 boni
359 786 571 883 impellitur.
634 782 759 881 Aufer
787 782 942 879 denique
974 786 1229 857 conditionem

38 876 42 885 Ι
125 890 439 985 σοηιρανατίοηίε,
478 900 520 956 nt
560 908 635 957 non
668 886 789 969 (licea,
832 888 960 956 melius
995 878 1048 982 eft
1079 886 1227 971 nubere,

124 1016 241 1089 qoam
266 992 345 1067 mir
374 1003 410 1058 et
429 1009 587 1080 quaero,
616 1013 666 1056 an
690 988 809 1057 dicere
833 989 992 1072 audeus,
1018 990 1158 1060 melius
1181 980 1229 1081 eft

123 1090 280 1174 artbere,
317 1113 393 1158 non
417 1090 589 1161 ocliiciens
613 1090 702 1185 quid
716 1080 771 1187 stt
792 1088 832 1158 id
840 1141 849 1175 ,
880 1090 981 1184 qnod
1006 1090 1145 1163 melius
1170 1082 1234 1189 est,

124 1192 232 1289 Ergo
251 1192 350 1286 quod
365 1214 440 1259 non
457 1190 605 1274 melius,
633 1194 758 1284 utique
780 1214 847 1259 nec
867 1188 1025 1273 bouum3
1056 1194 1150 1285 quio
1167 1190 1228 1263 ab·

116 1282 255 1389 stulijli
272 1308 308 1362 et
325 1282 509 1389 removisti
526 1291 775 1365 conditionem
797 1296 1106 1387 comparationis,
1133 1318 1227 1389 qaue

123 1396 213 1469 dum
229 1394 357 1463 melios
371 1392 464 1467 illud
475 1390 595 1489 facit,
614 1395 668 1461 itu
688 1389 825 1464 bonnm
842 1392 970 1463 lmberi
986 1397 1105 1493 cogit.
1143 1400 1225 1466 Me·

65 1574 74 1591 x
121 1492 193 1569 lites
211 1485 617 1591 efinuberequurnnri5
630 1483 1014 1590 ficoccipiendumesl,
1035 1498 1225 1589 quomodo

121 1598 252 1671 inelius
269 1587 319 1690 est
336 1618 409 1664 nno
425 1595 551 1678 oculo,
581 1618 695 1687 quum
713 1594 856 1667 duobus
882 1620 1028 1667 curere:
1044 1586 1083 1691 fi
1098 1612 1225 1669 tornea

123 1724 149 1773 a
179 1699 462 1791 comparatione
486 1690 669 1795 discedas,
711 1722 786 1768 non
819 1700 887 1767 erit
918 1698 1069 1785 melius,
1111 1724 1226 1769 namn

123 1798 270 1871 oculum
288 1794 442 1885 babere,
470 1801 558 1893 qrcio
576 1822 620 1874 ne
651 1796 797 1870 locum.
814 1796 848 1888 ⁴¹)
898 1804 1070 1869 Fuerunt
1086 1802 1156 1871 alii
1170 1802 1224 1871 in·

119 1917 177 1975 ter
194 1904 339 1982 Patres,
368 1899 435 1991 qui
459 1899 591 1993 inique
645 1900 942 1971 'cMatrimonio
969 1899 1158 1975 sentirent
1184 1924 1251 1975 ac·

119 1999 284 2073 nimium
298 2000 463 2093 pretium
491 2000 691 2071 caelibatui
715 2000 935 2071 tribuerent.
990 2002 1037 2072 In
1058 2028 1222 2077 numero

119 2101 278 2173 illorum
303 2100 409 2172 sunt:
437 2102 712 2189 Annamatia,
743 2102 810 2195 qui
829 2103 1133 2177 Matrimonium
1148 2104 1223 2177 fere

115 2202 161 2277 in
176 2202 287 2273 rebus
297 2204 471 2297 turpibus
488 2206 713 2287 numeravit,
732 2221 938 2301 utapparet
956 2230 1002 2276 ex
1019 2207 1103 2279 eius
1117 2208 1221 2280 libris

120 2304 167 2379 cle
186 2302 406 2397 Virginibus
423 2306 473 2373 acl
488 2306 755 2377 Marcellinum
760 2298 930 2407 sororem
940 2332 957 2385 ,·
982 2306 1029 2377 cle
1048 2312 1095 2377 V
1091 2306 1221 2409 irgiai·

118 2416 199 2481 tate
227 2406 278 2477 ml
298 2406 496 2503 Virginem
521 2408 721 2485 devotam
756 2408 801 2477 de
828 2406 998 2505 Virginis
1026 2405 1221 2509 conservo·

117 2521 181 2581 loe
198 2500 302 2609 lapsu
310 2533 327 2586 ,·
350 2509 395 2577 de
416 2511 459 2575 V
457 2510 550 2578 itlzris
557 2535 569 2594 3
597 2508 643 2579 cle
663 2500 887 2602 institutione
905 2510 1080 2605 Virginis
1087 2506 1124 2613 s
1140 2514 1220 2585 Ser·

115 2628 179 2683 mo
204 2610 249 2679 cle
268 2610 487 2707 virginitate
509 2624 689 2705 perpetuu
713 2614 751 2683 S.
771 2612 924 2683 Mariae
939 2610 1024 2699 **)‚·
1059 2618 1220 2687 Huno-

116 2730 293 2797 nrmus,
323 2711 389 2805 qni
415 2713 522 2781 omni
539 2708 660 2785 studio
681 2716 861 2809 omnique
880 2710 1077 2787 occasione
1101 2719 1219 2789 vitam

115 2812 294 2887 caelibem
317 2830 611 2911 perpetuamque
634 2814 891 2913 virginitatem
914 2820 1216 2901 commendarit.

115 2914 210 2987 alios
246 2914 294 2987 aa
325 2914 549 2989 huiusmodi
585 2916 740 2999 vivendi
773 2942 893 3015 genus
924 2918 1106 2993 incitavit
1138 2946 1216 2993 non

113 3014 239 3090 solum
267 3039 331 3089 ore
355 3014 594 3111 scriptisque,
632 3018 693 3089 sed
718 3018 830 3089 etiam
847 3020 1005 3115 proprio
1024 3024 1214 3119 exemplo.

114 3116 329 3221 Solitariam
353 3118 470 3187 vitam
497 3120 661 3217 appellat
684 3118 909 3214 perfectam,
939 3146 1062 3215 quum
1082 3126 1152 3221 qui
1173 3126 1215 3195 il·

115 3219 195 3293 lam
232 3220 524 3313 amplectantur,
556 3222 653 3291 curis
687 3246 813 3297 rerum
841 3222 955 3295 seculi
990 3244 1148 3305 careant
1177 3248 1215 3297 ac

111 3320 386 3415 tranquillitate
403 3320 518 3391 animi
534 3318 710 3393 fruantur
727 3341 764 3394 et
781 3348 876 3418 quae
893 3323 1020 3395 divina
1041 3352 1087 3399 ac
1105 3328 1213 3400 caele·

110 3418 177 3499 iiia
212 3422 317 3508 sunt,
355 3438 495 3493 attente
526 3445 567 3492 ac
598 3424 798 3523 diligenter
833 3428 1150 3521 contemplentur
1177 3452 1215 3499 ac

109 3522 274 3599 multam
293 3548 331 3592 ea
348 3524 551 3621 peragendi
570 3524 730 3597 habeant
749 3528 1095 3623 opportunitatem,
1124 3554 1213 3627 quac

112 3622 340 3701 adsalutem
375 3624 638 3723 sempiternam
671 3628 972 3731 consequendam
1008 3635 1210 3727 pertinent.

112 3778 347 3801 --—--·-

143 3852 169 3920 'J
188 3828 338 3925 Sriirncta
367 3846 470 3919 Gesclt.
491 3852 519 3905 d,
543 3848 663 3907 sinent·
680 3848 750 3919 lesu
770 3852 815 3913 ll,
833 3858 893 3913 338.
930 3852 1034 3910 Erusn.
1063 3853 1207 3919 Cossiaei.

177 3916 472 4061 goiiiliibnbvgiiff'
496 3920 617 3979 Lcltrcu
644 3938 706 3975 von
734 3922 762 3977 el.
788 3924 861 3979 Ehe·
908 3923 1045 3999 cutting.
1078 3932 1155 3985 18²6·
1184 3930 1206 3981 8·

141 4092 180 4165 ⁶¹)
198 4090 348 4169 Silianam
366 4093 420 4147 bc.
442 4092 492 4151 nt.
509 4099 553 4151 56.
591 4094 740 4155 Orantem
753 4093 974 4155 commentam·
991 4094 1202 4171 aestumat·
1241 4080 1246 4097 ⁸

176 4160 255 4223 Eccl.
274 4162 388 4217 latinae
405 4179 434 4235 p.
453 4166 488 4221 ta
506 4160 547 4236 tq.
