2542 4724
384 252 417 329 C
445 272 471 327 s
499 274 535 325 a.
569 256 647 326 vn.
701 251 735 341 §.
761 238 823 325 73.
876 300 879 306 -
1084 252 1163 331 437

60 440 235 515 aliorum
250 434 592 537 Philosophorum
611 434 866 535 dogmatibus
891 460 936 511 ac
950 434 1159 513 sententiis

58 542 180 643 plane
198 538 479 617 abhorrebant.

165 750 269 819 Inter
285 741 463 815 Ecclesiae
479 750 617 828 Patres,
643 742 908 839 Philosophiae
925 746 1156 841 vituperato·

59 846 405 943 res,primuslocus
415 845 937 918 Teurueaaauotribuitur.
957 848 1156 918 Habentur

61 948 167 1045 apud
182 972 291 1033 eum,
317 970 413 1041 qliae
438 946 566 1018 acerbe
581 946 621 1017 in
635 946 917 1041 Philosophiam
934 948 1030 1023 dicta
1056 948 1154 1032 saint,

59 1068 254 1145 notusque
271 1048 467 1144 praecipue
485 1044 533 1119 est
548 1050 669 1133 locus,
697 1072 774 1143 quo
790 1048 954 1122 haereses
969 1050 1068 1121 inter
1083 1052 1153 1121 alia

60 1170 102 1223 et
118 1152 217 1223 hanc
232 1150 282 1221 ob
300 1147 458 1221 caussam
482 1147 622 1233 reiicit,
650 1150 755 1244 quod
776 1146 850 1220 lint
873 1149 1020 1223 fructus
1040 1176 1083 1222 ac
1099 1147 1153 1221 se·

62 1270 126 1325 tus
153 1250 324 1327 secularis
349 1250 549 1345 sapientiae
581 1276 624 1322 ac
655 1252 843 1323 humanae
872 1251 1150 1346 Philosophiae.

61 1352 239 1427 Haereses
255 1352 343 1427 liant
359 1353 560 1435 doctrinae,
586 1353 723 1449 inquit,
751 1352 816 1440 (de
830 1346 1048 1451 Praescript.
1067 1352 1154 1423 hae·

61 1458 165 1525 retic.
182 1458 262 1527 vn.
287 1478 325 1549 p.
342 1452 447 1543 232.)
473 1452 664 1527 hominum
678 1468 716 1525 et
740 1454 1038 1539 daorsoniorum,
1067 1458 1157 1549 peni

61 1552 238 1627 aientibus
256 1554 407 1627 auribus
423 1570 537 1627 natae
554 1557 599 1627 cle
623 1558 771 1653 ingenio
784 1548 997 1655 sapientiae
1016 1548 1155 1653 secula·

60 1662 131 1741 ris,
158 1682 273 1751 quam
289 1659 478 1727 Dominus
489 1646 694 1752 stultitiam
708 1679 867 1739 uocans,
883 1648 1006 1754 stulta
1026 1656 1154 1727 remaldi

62 1762 101 1829 in
118 1748 368 1853 corisufionem
386 1760 500 1837 etiam
514 1752 766 1855 philosophiae
792 1748 901 1855 ipfius
918 1759 1039 1857 elegit.
1085 1750 1154 1829 ¹Ea

63 1848 115 1955 esl
137 1861 413 1933 enim-materia
429 1856 635 1954 sapientiae
649 1853 849 1959 secularis,
875 1862 1073 1931 temerario
1100 1862 1153 1928 in·

63 1976 204 2055 terpres
221 1962 368 2035 divinae
387 1974 545 2030 natiuae
570 1974 607 2029 et
629 1952 879 2061 ‹lispofitioriis
934 1955 1039 2059 ipsae
1054 1960 1154 2031 elerii-

62 2086 136 2157 que
150 2056 328 2161 Haereses
344 2088 368 2131 a
385 2056 620 2161 Philosophia
633 2058 894 2163 subornantur.
945 2062 1038 2131 lmle
1055 2066 1156 2131 Aeo-

62 2184 141 2249 nes,
166 2176 204 2233 et
217 2160 367 2259 soranae
383 2156 498 2257 nescio
517 2188 623 2256 qieae,
648 2176 684 2233 et
698 2165 860 2233 Trinitas
877 2162 1034 2235 hominis
1050 2162 1155 2257 apucl

66 2264 323 2343 Valaatinum.
372 2268 588 2337 Platonicus
615 2264 757 2361 suerat.
824 2264 919 2335 Inde
945 2265 1155 2335 Marcionis

61 2372 170 2439 Deus
187 2366 321 2437 rraelior'
332 2368 376 2437 (le
392 2366 663 2458 tranquillitate
689 2392 712 2436 a
732 2365 867 2435 Stoicis
882 2379 1046 2437 venerat.
1102 2370 1155 2435 Et

65 2482 109 2539 ut
130 2470 259 2541 aniana
282 2471 428 2539 interire
454 2468 616 2551 dicatur,
644 2462 692 2535 ab
715 2469 905 2561 Epicureis
928 2459 1152 2562 observatur.

63 2574 119 2641 Et
133 2583 176 2639 ut
199 2573 319 2641 carnis
341 2560 519 2663 restitutio
543 2582 716 2665 negetur,
743 2569 788 2637 ele
803 2594 879 2641 una
894 2572 1061 2639 antatium
1074 2564 1156 2661 phi-

65 2663 302 2767 losophorum
318 2671 455 2741 Schola
462 2664 633 2769 suuntur.
675 2674 727 2739 Et
743 2667 804 2741 ubi
822 2668 963 2765 aliquid
980 2670 1025 2742 de
1044 2673 1157 2766 ignea

67 2776 153 2844 Deo
174 2772 376 2869 allegatur,
394 2773 606 2843 Heraclitus
622 2774 825 2843 intervenit.
876 2772 1024 2845 Eadem
1040 2782 1157 2843 mate·

66 2876 126 2943 ria
150 2876 253 2969 apud
270 2877 488 2945 llaereticos
510 2887 546 2943 et
562 2866 803 2971 Philosophos
816 2874 1021 2957 volutatur,
1045 2870 1158 2943 iidem

66 2986 293 3045 retractatus
318 2976 565 3069 implicantur.
623 2976 732 3047 Unde
755 2975 917 3057 rualem,
953 2966 1156 3071 etquare?

67 3091 105 3149 et
120 3076 217 3148 unde
231 3074 344 3149 leonio
360 3088 396 3145 et
413 3074 630 3171 quornodo?
653 3091 690 3147 et
708 3077 808 3169 quod
826 3078 996 3171 proxime
1016 3078 1058 3143 V
1056 3074 1159 3143 alen-¹

67 3180 167 3247 tinus
182 3172 385 3276 proposuit,
411 3179 507 3247 unde
523 3176 654 3248 Deus?
688 3177 833 3247 Scilicet
857 3178 901 3247 ele
929 3164 1157 3273 Enthymcfi,

68 3294 106 3353 et
126 3282 353 3351 Ectroniate.
405 3272 583 3377 Miserum
605 3270 865 3373 Aristotelem!
897 3281 960 3373 aui
983 3276 1054 3347 illis
1078 3276 1156 3345 dia·
1249 3322 1254 3337 .

68 3378 240 3451 lecticam
263 3372 435 3472 inslituit,
473 3374 653 3477 artsicem
676 3371 845 3476 struendi
878 3392 914 3447 et
940 3367 1156 3473 clsslruemli,

66 3502 136 3553 uer
148 3480 294 3575 apellem
308 3484 345 3551 in
359 3476 565 3580 sententiis,
591 3496 762 3551 coactam
777 3484 813 3549 in
830 3482 1062 3561 coniecturis,
1089 3476 1156 3546 ‹lu-

68 3608 154 3653 ram
172 3586 209 3651 in
223 3588 473 3679 argumentis,
499 3585 709 3675 operarium
725 3584 1017 3664 contentionum,
1043 3578 1155 3648 anale-

65 3674 167 3775 slam
193 3687 305 3751 etiam
321 3676 394 3782 fibi
420 3675 501 3781 ipfi,
530 3686 655 3751 onmia
680 3693 964 3766 retractantem,
998 3676 1156 3775 nequid

69 3786 224 3857 ommno
242 3788 468 3855 tractaverit.
521 3788 620 3853 Hinc
636 3784 722 3853 illae
739 3780 905 3852 Fabulae
924 3798 959 3852 et
979 3780 1159 3851 Genealo-

67 3890 162 3987 giae
189 3884 484 3970 interminabiles,
512 3900 548 3955 et
569 3864 806 3989 Quaestioncs
829 3875 1160 3981 infructuosae,.et

67 3990 268 4059 Sermones
288 3982 469 4083 serpentes
492 3988 593 4057 velut
614 4011 760 4069 cancer,
785 4012 809 4057 a
827 3982 955 4082 quibus
974 4006 1039 4055 nos
1054 3984 1160 4077 Apo·

61 4078 186 4183 slolus
206 4082 419 4183 resreuans,
446 4090 667 4160 nominatim
687 4080 963 4184 Philosophiam
982 4071 1159 4181 coattesta-
