2542 4724
83 236 162 335 636
324 182 663 323 Ι(Μηκῖζῐ.
716 182 918 331 §.llis

81 456 172 515 eum
194 427 458 513 illustrandum
484 446 596 526 atque
614 430 895 526 explanandum
915 374 1176 531 adhibuempg

82 535 321 621 Numerandi
337 534 481 613 suntin
498 532 556 607 his
571 533 861 638 interpretibus:
890 626 894 633 Ι

186 690 530 767 ΑΜΡΗηοοΗισε
556 689 598 768 in
615 680 856 789 Expofitione
871 690 1051 793 Symboli
1074 692 1178 791 spo·

84 794 163 871 tius
180 792 394 879 sententiis,
419 817 515 887 quae
540 817 585 864 ex
602 788 717 865 variis
742 792 821 871 eius
839 793 1178 893 scriptis'collectee

85 894 323 985 coniunctim
356 894 580 965 exhibentur
611 918 654 965 ee
688 892 829 969 diversa
864 897 985 992 capita
1010 895 1179 989 symboli

85 993 283 1092 apostolici
298 996 461 1068 breviter
470 991 713 1081 illustrantur,
722 998 764 1067 in
773 995 949 1073 Bibliotit.
960 1022 1070 1071 max.
1079 1000 1179 1071 Patr.

68 1099 261 1217 ¹Lagaina.
278 1103 341 1190 Vt,
363 1098 472 1181 1078,
492 1115 530 1177 et
546 1103 787 1180 (inundanti
805 1097 902 1179 Bibl.
919 1103 999 1179 PP.
1018 1104 1085 1173 VI.

25 1302 30 1311 ι
96 1252 99 1259 ’
165 1252 492 1340 ,laevamve
529 1253 636 1333 cuius
670 1253 748 1332 duo
776 1254 865 1329 libri
895 1256 973 1329 huc
997 1252 1180 1331 referendi

86 1346 187 1435 sunt.
238 1358 346 1429 Alter
361 1352 410 1429 est
424 1354 519 1429 liber
537 1356 583 1427 de
598 1357 688 1433 Fide
703 1371 741 1430 et
756 1355 959 1456 Sparzbolo,
988 1359 1060 1455 qui
1078 1365 1179 1453 Sym·

84 1458 173 1557 boli
195 1454 392 1554 apostolici
415 1454 690 1551 expositionem
716 1458 998 1555 complectitur,
1033 1460 1180 1533 brevem

113 1560 265 1650 uidem,
293 1575 458 1636 attamen
476 1559 640 1653 planam.
693 1560 913 1635 Tradiderat
927 1561 1038 1634 illam
1054 1566 1177 1679 Augu·

83 1584 202 1743 sinus
219 1662 260 1731 in
278 1659 437 1753 synodo
454 1657 689 1757 Hipponenst
710 1685 742 1738 a.
760 1659 845 1737 393.
862 1660 900 1752 *)
951 1667 1105 1760 Spectat
1119 1664 1177 1735 illa

85 1764 135 1843 ad
159 1762 303 1861 singula
328 1759 501 1853 symboli
533 1762 654 1858 capita
685 1760 800 1857 atque
824 1758 1006 1852 ostendit,
1046 1764 1177 1861 quibus

85 1865 276 1940 erroribus
295 1863 362 1937 illa
380 1859 551 1959 opposita
566 1862 638 1935 sint
661 1864 784 1934 verba.
836 1863 917 1961 Ipse
931 1867 1010 1938 hoo
1030 1864 1177 1943 teffitur

86 1963 179 2041 dum
196 1965 288 2036 dicit
303 1965 346 2036 in
362 1964 588 2037 Prooemio:
614 1962 692 2035 sab
706 1954 793 2061 ipsis
809 1988 900 2064 ergo
916 1972 1051 2061 paucis
1065 1964 1177 2041 verbis

84 2072 122 2149 irt
139 2064 321 2168 Symbola
340 2053 547 2157 constitutis
565 2066 731 2165 plerique
745 2070 936 2138 Haeretici
954 2064 1101 2141 veneno
1112 2062 1176 2170 [aa

84 2169 274 2250 occultare
300 2171 427 2239 conati
443 2157 570 2263 sarit?
594 2166 725 2263 quibus
754 2158 884 2266 restitit
908 2183 947 2240 et
973 2160 1105 2271 resistit
1127 2170 1176 2243 di·

83 2263 174 2360 viita
198 2257 451 2365 misericordia
479 2293 546 2364 per
562 2260 757 2372 spiritales
779 2273 896 2355 viros,
932 2275 996 2365 qui
1027 2270 1175 2345 catholi-

85 2368 313 2475 camfidenr,
339 2394 413 2443 non
431 2384 580 2443 tantam
598 2374 634 2441 in
651 2372 722 2442 illis
736 2369 855 2441 verbis
871 2377 1041 2469 accipere
1056 2389 1094 2445 et
1109 2396 1174 2444 cre·

86 2480 191 2560 dere,
209 2464 421 2570 sedetiam
450 2471 601 2550 domino
630 2473 817 2557 revelante
840 2474 1050 2573 intelligere
1073 2488 1176 2570 atque

86 2567 310 2681 cognoscere
332 2589 554 2653 nteruerurtt.
627 2573 686 2647 Sic
708 2573 749 2648 in
774 2575 1029 2668 explicatione
1051 2577 1176 2651 verbo·

83 2698 191 2755 r'um:
230 2675 347 2749 Credo
373 2676 410 2745 in
431 2674 558 2749 Deum
583 2687 733 2772 patrem
765 2679 1082 2771 omnipotentem,
1117 2676 1175 2749 ob·

84 2781 226 2863 serrat,
249 2778 290 2848 in
315 2774 390 2855 illis
411 2776 515 2848 reiici
531 2779 689 2849 illorum
712 2801 894 2863 errorem,
924 2779 992 2875 qui
1019 2780 1175 2853 affirma·

85 2884 198 2965 hant,
227 2902 309 2962 non
328 2902 442 2949 omne
460 2904 478 2951 a
494 2884 578 2955 Deo
598 2895 762 2951 creatum
780 2876 866 2962 elle,
894 2875 968 2952 sive
985 2880 1175 2954 materiam

75 3000 330 3060 'communem
366 3004 452 3052 cum
475 2986 559 3055 Deo
595 2980 852 3053 aeternitatem
877 2977 1034 3066 habere,
1070 3005 1176 3079 quem

84 3083 294 3185 perversam
312 3081 534 3153 sententiam
550 3107 630 3153 non
650 3082 773 3153 solum
797 3083 934 3180 pagani
959 3080 1176 3179 philosophi

87 3184 355 3267 defenderunt,
391 3181 454 3254 sed
484 3185 665 3257 nonnulli
690 3207 841 3278 qnoque
871 3183 970 3255 inter
1003 3186 1175 3281 antiquos

1 3375 4 3384 .
84 3287 304 3367 Haereticos
328 3284 485 3359 eandem
501 3282 769 3382 approbarunt.
805 3290 848 3354 In
872 3285 1037 3359 articulo
1056 3287 1175 3359 secun·

86 3390 157 3475 do,
186 3387 338 3483 quando
365 3388 411 3459 dc
429 3384 570 3467 Christo
595 3389 738 3486 agitur,
772 3388 916 3458 nnllam
944 3388 1176 3463 mentionem

84 3490 177 3569 facit
202 3481 413 3585 Descenjits
441 3490 491 3558 ad
514 3487 680 3587 inferos;
712 3490 752 3561 in
784 3488 942 3559 articulo
977 3488 1174 3571 autemsde

86 3593 228 3696 Spiritu
247 3598 282 3667 S.
301 3589 464 3666 recenset
483 3591 660 3693 dogmata
678 3593 724 3671 de
740 3597 778 3670 S.
797 3581 963 3683 Ecclesia
980 3592 1172 3675 catholica,

86 3762 296 3785 μ

152 3846 219 3926 ipsa
234 3840 344 3927 Rufini
359 3848 574 3929 translatione,
593 3867 685 3922 qnam
701 3844 858 3919 posteriori
872 3846 958 3931 parti
972 3844 1124 3932 Historiae
1139 3862 1174 3901 et·

154 3912 941 4065 ‘als'ssst‘lsssts‘lleffosas-'ll”35¹l's'1‘.‘²‘¹⁰²²⁶
960 3915 1093 3980 [Μ
1109 3920 1173 3977 ω’

119 4130 144 4202 ‘J
164 4124 231 4187 vit.
250 4123 413 4185 horruerat.
433 4127 503 4186 Lib.
521 4127 543 4187 1,
563 4128 634 4204 Cap.
654 4135 695 4188 17.
