2542 4724
391 299 541 395 ct».
573 300 626 373 ΔΠ.
668 274 712 391 ’5.
743 300 801 373 16.
876 384 880 393 ,
1001 308 1003 313 ·
1068 297 1161 385 un.x

114 493 160 580 3)
180 495 361 563 loturus
372 493 676 564 Cuaxaos‘eonn
689 489 733 558 de
744 487 940 557 educandis
949 486 1068 559 liberis
1079 493 1140 559 Li-

38 596 101 666 ber
122 616 293 662 aureus:
334 590 509 662 Eiusdem
537 593 740 660 Tractatus
765 589 830 658 aiii
852 593 1029 682 quinque,
1065 609 1141 683 qua

37 686 184 793 festivi,
214 719 292 787 qun
308 693 554 786 paraenetici,
581 696 660 760 Par.
679 689 787 765 1656.
811 690 849 762 8.
1161 740 1175 792 ,

113 796 161 884 4)
178 785 385 890 Illustrium
396 782 525 888 Christi
539 796 761 891 Martyrum
779 792 861 861 lecti
876 789 1065 888 triumphi,
1080 817 1144 864 vt·

47 889 148 995 tastis
164 899 400 968 Graecorum
417 897 663 964 monumentis
680 882 896 997 configurati,
914 918 1012 988 quos
1026 895 1144 981 latine

48 995 217 1071 reddidit
234 1019 279 1067 ao
294 993 399 1066 notis
415 991 632 1078 illustravit,
659 1000 738 1066 Par.
760 992 873 1066 1660.
894 995 930 1067 8.

117 1097 164 1190 5)
181 1093 462 1169 Bibliothaeeae
478 1118 647 1193 graecor.
664 1102 823 1167 Patrum
831 1097 1054 1166 Auctarium
1063 1099 1145 1167 No·
1208 1101 1210 1104 ’

50 1192 257 1299 tiffimum,
291 1201 328 1269 in
349 1221 421 1294 quo
446 1199 554 1268 varia
575 1197 807 1294 Scriptorum
829 1186 1146 1295 ecelefiasticorum
1227 1246 1236 1255 -

52 1303 294 1397 antiquioris,
324 1300 434 1370 medii
453 1312 490 1387 et
503 1304 690 1397 vergentis
706 1302 788 1370 aevi
804 1291 1007 1397 Opuscula,
1034 1325 1089 1394 gr.
1105 1322 1148 1372 ao

53 1405 133 1489 let,
159 1408 247 1474 Par.
268 1399 377 1473 1672.
401 1398 470 1471 fol.
862 1428 870 1476 ἢ
1207 1396 1217 1406 ’

125 1499 625 1598 6)TneonoT1Ancyrani
642 1503 724 1572 oda.
735 1492 945 1597 Nestorium
954 1497 1024 1569 Lib
1038 1553 1048 1597 ,
1068 1505 1089 1571 i.
1105 1527 1156 1591 a,

56 1611 127 1679 eius
149 1595 407 1704 exscriptum
432 1616 468 1672 et
480 1600 566 1703 fide
588 1605 740 1674 Concilii
755 1607 914 1674 Nicaeui
937 1607 1166 1698 confutatio

56 1726 89 1779 et
106 1710 321 1778 Genuam
338 1704 583 1775 Patriarcliae
608 1695 828 1800 Cftpoiitani
860 1707 897 1775 in
927 1707 966 1774 8.
998 1705 1152 1774 Mariae

58 1809 320 1881 dormitionem
336 1820 378 1885 et,
388 1809 670 1878 translationem
687 1810 820 1879 Oratio
834 1796 1015 1902 historica,
1033 1832 1065 1876 c.
1080 1830 1151 1876 no·

57 1912 121 1996 tis,
147 1914 235 1980 Par.
259 1904 369 1981 1675.
395 1906 431 1979 8.

127 2010 177 2098 7)
195 2012 238 2080 S.
249 2013 426 2079 Maxim
440 1996 659 2108 Confeffori's
678 2012 820 2105 Opera,
851 2034 946 2104 quae
964 2007 1152 2085 combefi-

59 2110 127 2186 fius
143 2136 194 2184 ex
209 2109 344 2180 multis
360 2106 622 2203 probatiffimis
639 2111 758 2181 Codd.
775 2109 905 2205 msptis
927 2104 1153 2192 emendavit,

60 2237 161 2289 nova
176 2211 490 2305 interpretatione
506 2211 621 2281 latina
636 2208 809 2282 instruxit
820 2237 862 2282 ac
877 2212 981 2282 notis
997 2208 1155 2281 illustra·

60 2318 122 2388 vit.
178 2312 410 2384 Prodierunt
427 2309 491 2383 ista
507 2316 586 2382 Par.
606 2312 716 2385 1675.
738 2311 805 2384 fol.
828 2313 976 2383 duobus
990 2311 1157 2390 volumi·
1178 2372 1182 2383 .

60 2418 186 2499 nibus,
215 2413 265 2483 ad
279 2437 374 2507 quae
392 2413 598 2484 et'tertium
616 2413 786 2484 accedere
804 2411 978 2497 debebat3
1005 2413 1156 2506 quomi-

62 2544 133 2591 nus
150 2533 283 2588 autem
299 2513 340 2584 id
355 2513 480 2599 fieret,
507 2535 610 2585 mors
626 2510 839 2585 Conibefifii
854 2513 1063 2609 impedivit.

135 2618 181 2708 8)
198 2623 397 2687 Basimus
412 2619 596 2713 Magnus,
614 2640 660 2685 ex
678 2619 823 2714 integro
842 2605 1054 2713 recenfitus:
1079 2628 1159 2687 tea·

66 2714 216 2821 tusfide
234 2717 591 2812 optimormnCodd.
609 2714 739 2812 ubique
758 2707 981 2815 castigatus,
1016 2732 1157 2805 nicetus,
1232 2774 1234 2778 -

66 2813 284 2918 illustratus,
309 2816 410 2887 haud
426 2821 565 2888 incerta
582 2819 803 2912 quondoque
815 2822 1023 2888 coniectura
1040 2843 1160 2890 emen-

70 2924 201 3096 Ἥ,
230 2936 353 3001 ceter.,
380 2924 460 2990 Par.
482 2918 594 2992 1679.
620 2925 665 2989 ΙΙ.
690 2919 726 2990 8.
783 2916 1032 2991 Constituerat
1049 2926 1171 2994 Canu.

67 3024 111 3095 be
168 3046 238 3105 ua,
265 3016 388 3090 Bafilii
408 3023 526 3115 Opera
550 3019 590 3090 in
606 3021 730 3091 lucem
746 3021 932 3104 emittere3
959 3046 1079 3114 quum
1096 3053 1164 3097 au·

70 3142 144 3197 tem
172 3116 371 3194 occasione
394 3141 548 3205 careret,
589 3122 777 3192 decretum
801 3121 909 3192 snum
930 3121 1164 3214 exsequendi,

71 3222 333 3323 instigationes
361 3220 480 3292 saltim
506 3222 588 3293 suas
614 3248 659 3292 ex
683 3223 794 3293 variis
822 3222 941 3304 Codd.
970 3223 1101 3318 miptis
1127 3249 1165 3301 et

73 3325 373 3406 Observationes,
400 3323 446 3393 ad
465 3325 617 3421 paginas
636 3324 813 3395 editionis
834 3322 1037 3395 Parifienfis
1055 3328 1164 3402 utta.

73 3425 229 3523 podiae,
250 3424 420 3518 publicae
435 3424 513 3497 luci
532 3450 717 3519 exponere
733 3421 894 3495 instituit
910 3426 1084 3520 variaque
1097 3439 1169 3501 lta.

74 3526 140 3600 titii
156 3544 432 3609 monumenta,
468 3550 563 3619 quae
587 3526 759 3597 nondum
787 3527 884 3596 edita
907 3523 1076 3613 fuerant,
1111 3534 1170 3602 in?

75 3628 199 3702 [eruit.
255 3631 387 3696 Morte
409 3625 632 3719 impeditus,
660 3651 756 3720 opus
774 3628 846 3697 hoc
862 3627 962 3698 haud
980 3628 1172 3706 absolvere

76 3731 225 3824 potuit,
251 3727 422 3821 hancque
442 3728 490 3797 ob
512 3752 590 3798 rem
615 3727 662 3797 ad
679 3727 947 3820 perficiendum
964 3727 1060 3800 iliud
1081 3760 1171 3805 corr-

80 3831 163 3900 tulit
190 3830 230 3901 se
253 3829 363 3899 Paul.
391 3827 436 3900 cie
462 3828 615 3924 Goiefer
637 3829 751 3923 idque
775 3846 986 3901 memorato
1012 3860 1112 3907 anno
1130 3839 1172 3909 in

79 3932 195 4003 lucem
215 3928 412 4025 produxit.

176 4039 236 4103 lo.
255 4029 449 4119 (Garnier)
468 4034 722 4113 Gennadius,
750 4036 830 4101 Soc.
847 4029 927 4101 Iesu
941 4035 1076 4117 Presb„
1107 4040 1175 4119 Qui

83 4133 207 4206 locum
222 4131 292 4205 fibi
308 4130 399 4203 fecit
415 4131 513 4202 inter
531 4149 702 4203 auctores
721 4133 790 4202 hos
807 4157 940 4228 magna
952 4157 1038 4210 cum
1050 4141 1171 4211 laude.
