2542 4724
116 290 202 387 304,
453 291 538 366 Cr
569 316 604 365 r.
641 297 705 364 IV.
751 290 787 379 §.
813 290 876 389 51.

56 568 59 573 ¹
114 488 339 574 Martyrum
361 477 515 553 litteras·
528 492 564 548 et
588 469 762 576 rteſsderta
784 483 1001 571 exarninnre
1019 474 1209 579 poffimns,

28 590 51 653 .“
116 584 184 657 ubi
208 584 248 655 in
278 581 504 677 quibusdam
532 579 763 653 editionibus
785 582 896 651 verba
918 574 1123 681 secrrndnrn
1147 610 1211 656 ve-

78 678 232 784 &stram
249 706 392 778 quoqne
406 676 647 780 sententiam,
683 706 702 751 a
728 680 937 754 Pontificiis
961 684 1080 757 deleta
1097 702 1213 781 atque

80 828 83 833 ·
117 782 245 861 omiiia
264 784 365 866 funt,
393 809 438 855 eo
459 780 635 864 cornilio,
664 808 711 852 ne
729 784 847 854 errori
861 784 1031 867 iliorum,
1059 786 1212 881 plebem

114 888 196 961 i'ure
215 881 379 983 suffragii
400 884 439 954 in
464 884 573 957 rebus
593 880 834 955 ecclelial'ticis
850 909 992 969 carere,
1022 886 1212 983 Cypriani

116 984 372 1065 testimoninm
391 1001 616 1081 opponatur.
677 986 805 1054 Simile
827 982 967 1056 constat
986 985 1031 1057 de
1054 993 1209 1059 Frnrnr·

99 1104 262 1172 ulam,
290 1085 463 1181 Episcopi
481 1086 617 1155 Caesar.
635 1082 673 1151 in
693 1086 939 1179 Cappadocia,
966 1079 1136 1183 Epistola
1154 1090 1209 1158 ad

115 1193 371 1291 ¹cyprianum,
400 1212 470 1281 qna
488 1186 816 1278 ille‘Stephanum‚
850 1188 1059 1259 Praesuiern
1077 1193 1208 1275 Horu,

118 1294 168 1375 ob
185 1290 519 1370 inhumanitatem,
548 1286 759 1369 audaciam,
782 1286 1034 1360 insolentiam
1060 1292 1210 1385 aliaque

27 1466 34 1475 ,
88 1468 93 1475 ,
114 1392 206 1465 vitia
224 1415 354 1485 resque
373 1390 467 1460 male
486 1384 600 1485 gestas
617 1386 779 1485 graviter
794 1386 1017 1495 perstringit.
1063 1390 1212 1487 Episto-

115 1496 192 1567 lam
210 1494 306 1563 hanc
322 1491 385 1560 alii
403 1490 441 1559 in
461 1494 664 1559 cremam
688 1488 812 1583 Opera
831 1494 1119 1576 transtulerunt3
1145 1492 1212 1565 aiii

115 1613 243 1668 nutem
270 1593 315 1687 ab
340 1588 414 1663 istis
440 1605 684 1660 removerunt
705 1614 748 1659 ac
771 1582 942 1662 mediiati
967 1591 1073 1675 sunt,
1114 1618 1211 1689 quo·

115 1694 236 1771 ruodo
256 1719 337 1765 eam
352 1692 635 1786 supprimerent.
646 1690 683 1776 *)
726 1694 828 1786 Quae
850 1691 1037 1788 disputata
1064 1692 1210 1766 suntin

52 1800 54 1807 ’
114 1796 230 1880 locis,
252 1793 388 1891 quibus
406 1793 615 1887 Cyprianus
634 1789 853 1863 sententiam
869 1818 1022 1888 pravam
1042 1794 1145 1867 snam
1164 1794 1211 1869 de

81 1960 83 1965 .
115 1897 311 1993 Baptismo
328 1893 601 1997 emendaverit,
627 1916 721 1964 num
741 1892 807 1963 illa
824 1893 1028 1967 adulterata
1052 1894 1209 1983 fuerint,

113 1984 185 2071 rieo
199 2022 267 2081 ne,
293 2020 333 2067 ea
350 1996 425 2067 huo
441 1996 554 2067 etiam
572 1991 700 2065 referri
717 1992 880 2089 poliunt.

219 2136 425 2205 Oarornrs
442 2129 574 2225 scripta
598 2128 674 2201 iam
694 2130 846 2225 antiqua
871 2149 990 2203 aetate
1005 2131 1046 2204 in
1065 2131 1211 2229 disoep.

113 2235 299 2308 tationem
317 2249 524 2313 venerunt,
553 2256 648 2301 num
671 2231 733 2301 illa
760 2232 1018 2327 depravationi
1038 2234 1210 2307 obnoxia

113 2336 276 2420 fuerint,
319 2357 390 2404 nec
411 2330 487 2402 ne?
522 2332 770 2427 Disputatum
794 2333 864 2404 hac
893 2335 938 2405 de
971 2360 1010 2406 re
1036 2332 1087 2408 est
1108 2336 1211 2407 inter

113 2437 298 2514 Rufinum
322 2433 596 2529 Aquileiensem
622 2450 660 2503 et
680 2434 973 2526 Hieronymum.
1026 2438 1094 2508 Ille
1110 2433 1209 2507 affir-

113 2540 252 2623 mavit,
288 2535 460 2634 Origenis
484 2535 602 2606 libros
621 2536 666 2604 ab
684 2536 887 2607 Haereticis
912 2557 1114 2632 corruptos
1137 2536 1212 2611 effe

113 2638 328 2736 scripfitque
352 2635 444 2706 duas
468 2636 682 2733 Apologias
713 2660 782 2729 pro
818 2640 979 2734 Origene
1007 2635 1041 2740 J}
1072 2641 1119 2709 de
1145 2640 1211 2711 de·

116 2743 341 2837 pravotiorre
367 2734 544 2807 libroruin
572 2740 743 2835 Origenis
777 2736 1044 2811 remonstrare
1067 2734 1211 2823 voluit,

115 2842 316 2939 Origenem
334 2837 545 2910 accusatum
563 2836 669 2909 suiss'e
687 2839 891 2910 multarum
911 2866 1107 2936 pravarum
1128 2842 1211 2932 sen·

111 2944 328 3031 tenuatum,
356 2964 516 3035 quarum
532 2963 612 3011 non
630 2940 695 3008 iile
719 2938 809 3034 ipse,
836 2939 897 3012 sed
917 2944 1102 3015 Haeretici
1122 2964 1210 3015 cor-

112 3061 289 3138 ruptores
313 3038 384 3112 fint
404 3061 587 3113 auctores.
629 3035 787 3111 Hestitit
810 3042 844 3111 ei
868 3044 1127 3136 Hieronymus
1154 3064 1210 3116 at·

112 3169 186 3240 que
204 3143 286 3215 aliis
301 3142 519 3237 persuadere
535 3141 679 3224 voluit,
714 3166 794 3215 non
817 3141 1002 3227 exstitisse,
1034 3146 1097 3238 qui
1125 3146 1211 3218 Ori·

112 3245 218 3343 genis
236 3261 484 3317 monumenta
503 3243 756 3337 depravarent.
802 3245 844 3314 Id
862 3263 1006 3317 certum
1023 3244 1088 3329 est,
1110 3250 1212 3319 Oar-

114 3369 240 3417 ourrrs
257 3345 470 3442 Dialognnr
486 3369 515 3415 c.
529 3344 699 3414 Candido
720 3345 986 3418 Valentiniano
1004 3351 1211 3419 Haeretico

111 3444 220 3519 fuiffe
244 3445 497 3518 adulteratum
522 3445 671 3539 abipso
704 3447 886 3529 Candido,
916 3447 1064 3543 hocque
1089 3446 1213 3544 ipsius

112 3548 287 3647 Origenis
311 3550 533 3618 auctoritate
559 3548 705 3618 nititur.
758 3548 866 3618 Plura
893 3550 1077 3622 habentur
1104 3552 1213 3645 apud

112 3654 211 3719 Pur.
224 3654 330 3721 Dan.
345 3653 552 3720 Huurruru
575 3650 790 3745 Origenr'nn.
807 3650 889 3720 Lib.
902 3656 946 3721 11.
966 3658 1004 3721 C.
1018 3651 1052 3721 3.
1068 3654 1210 3746 p.187.

111 3768 149 3820 et
166 3755 327 3820 naara.
348 3755 620 3820 Genruoxrum
639 3752 663 3819 l.
681 3775 711 3819 c.
729 3775 766 3844 p.
784 3751 869 3821 270.

211 3886 448 3955 Arnanasrr
482 3874 648 3977 Epistola
681 3884 732 3953 url
765 3886 995 3980 Epictetum,
1031 3887 1214 3963 Corinthi

109 3985 228 4080 Episc.
264 4001 395 4053 contra
434 3986 671 4067 Haereticos,
714 3986 759 4056 de
785 3989 1040 4061 incarnatione
1073 3988 1214 4064 christi

111 4132 320 4150 --ι-ᾱ-

144 4211 169 4264 ’)
190 4206 254 4265 via.
275 4202 363 4275 supra
382 4223 410 4278 p.
427 4206 484 4260 288.
