2542 4724
97 265 176 344 tot
421 264 573 354 cir.
609 270 705 339 vni.
759 272 794 359 5.
823 268 884 339 78.

10 451 14 463 '
101 476 283 553 graecos,
309 448 378 524 sed
394 450 540 525 latinos
560 474 723 547 quoque
742 454 968 540 Doctores,
998 478 1044 525 ea
1063 452 1202 529 diver-

100 556 232 642 titate,
260 568 307 628 ut
323 552 391 625 alii
406 552 624 638 maiorem,
652 552 718 623 alii
735 553 939 625 minorem
955 555 1203 629 meritormu

101 655 264 729 laudem
288 652 431 726 dehac
457 652 685 749 theologiae
710 668 824 752 parte
852 654 1088 751 consequuti
1110 655 1201 732 tint.

99 760 201 833 Nou
220 755 375 836 onmia,
406 754 529 825 multa
546 770 680 825 tamen
696 770 961 829 momunenta
979 758 1201 855 exegetica,

102 882 203 955 quae
222 856 500 952 reliquerunt,
538 854 588 927 ad
611 878 687 927 nos
715 854 846 929 delata
868 854 960 929 litut
983 882 1027 929 ac
1053 882 1204 957 perve-

102 974 262 1035 nerunt.

206 1104 305 1193 Quas
328 1094 592 1192 Expoiitiones
615 1120 720 1165 nnnc
746 1119 963 1167 enumerare
995 1097 1202 1173 nobiscum

102 1226 223 1298 qutun
250 1195 512 1269 constituimus
522 1250 544 1307 ,⁹
574 1222 655 1269 eam
685 1200 810 1295 legem
833 1198 946 1269 nobis
971 1200 1203 1296 praescripsi·

102 1326 211 1387 nius,
246 1319 291 1370 ut
312 1290 587 1396 Empofitioues,
632 1324 714 1369 non
740 1300 995 1384 homileticao,
1029 1300 1092 1371 sed
1116 1326 1202 1373 exe-

101 1401 247 1503 geticus
266 1400 289 1471 s.
308 1401 621 1483 Commentarios,
649 1425 730 1470 non
751 1425 904 1484 omnes,
932 1402 993 1473 sed
1012 1403 1203 1497 quosdam

103 1529 244 1599 eosque
270 1504 490 1597 praecipuos
515 1501 779 1573 recenseamus.
833 1508 928 1573 Sunt
943 1504 1000 1573 illi
1019 1506 1078 1574 vel
1096 1529 1203 1601 grae·

103 1630 255 1691 corum,
281 1606 343 1675 vel
360 1604 568 1673 latinorum
586 1608 739 1673 Petrum
755 1622 1018 1675 monumenta.
1058 1605 1119 1675 ad
1141 1630 1202 1677 or·

105 1708 232 1779 dinem
260 1724 529 1776 enneconen
555 1704 763 1799 pertinent:

131 1825 135 1836 ’
204 1838 456 1903 Turoni-nm
480 1829 654 1901 Antioch.
688 1827 797 1899 Lib'b.
820 1836 870 1903 IV
904 1836 1201 1905 Couuneutorio·

103 1926 228 2033 rurus.
246 1932 528 2030 Aliegminram
548 1936 583 1999 in
602 1934 668 2001 SS.
687 1936 710 1999 Ι
713 1935 755 1999 V
770 1934 993 2031 Evangelia,
1021 1959 1117 2029 quac
1135 1936 1204 2005 ad-

104 2040 179 2109 huc
196 2032 355 2117 exstant,
383 2033 447 2105 sed
461 2035 577 2105 latine
598 2050 758 2103 tantum.
813 2040 909 2104 Sunt
931 2036 988 2105 illi
1011 2060 1092 2105 non
1120 2054 1202 2107 tam

106 2136 396 2217 commentarii,
424 2161 537 2230 qnmn
552 2133 682 2231 potius
702 2136 851 2207 Scholia
869 2136 1086 2232 allegorica,
1116 2163 1202 2209 non

104 2240 146 2311 iri
171 2241 317 2335 integra
341 2238 565 2333 Evangelia,
602 2236 725 2307 sedin
749 2236 851 2308 varia
872 2234 1201 2335 Evangeliharum

103 2346 199 2425 loca,
218 2342 371 2436 alonge
390 2340 538 2409 iuniore
555 2338 682 2432 aliquo
702 2339 890 2433 Scriptore
907 2340 1093 2409 catholico
1113 2335 1201 2433 post

103 2445 407 2532 Hieronymum,
446 2458 482 2509 et
506 2442 620 2511 latine
643 2439 868 2533 compotita,
908 2440 948 2509 in
975 2439 1112 2533 quibus
1135 2441 1201 2511 illa

104 2544 278 2639 quidem,
325 2567 419 2635 (puae
451 2567 471 2610 a
500 2539 713 2635 'l'heophilo
740 2541 979 2611 Antiocheno
1006 2541 1201 2633 Hierony-

103 2670 207 2728 mus,
247 2642 308 2713 sed
326 2659 362 2710 et
378 2644 497 2711 muita
518 2644 609 2723 alia,
645 2667 740 2735 (pirae
765 2642 898 2713 iisdem
922 2642 1045 2712 verbis
1068 2642 1202 2713 latinis

104 2746 206 2841 apud
231 2743 483 2837 Cypriamun,
532 2740 795 2827 Ambroiium,
840 2745 1119 2834 Hieronymum
1144 2743 1202 2814 lo-

103 2866 255 2942 guntur.
310 2844 484 2938 Sequitur
496 2846 640 2915 Auctor
658 2845 896 2941 ailegoricam
915 2846 1145 2939 Scriptorum
1164 2851 1200 2917 S.

102 2946 375 3042 interpretandi
402 2947 598 3017 rationem.
617 2945 654 3035 ¹⁸)

205 3080 419 3146 Onronnrs
455 3074 587 3167 scripta
620 3074 817 3167 exegetica.
879 3073 1010 3144 Varios
1043 3072 1201 3158 modos,

103 3176 332 3274 Scripturam
350 3181 383 3246 S.
403 3174 632 3267 explicandi,
666 3176 732 3244 ille'
746 3174 936 3255 adhibuit,
966 3200 1007 3245 ac
1026 3175 1085 3243 vel
1110 3176 1205 3276 uby

102 3282 220 3349 riores
247 3277 569 3359 Commentarios,
604 3279 664 3345 vel
688 3277 876 3347 breviores
899 3283 1019 3347 Notas
1043 3273 1202 3373 scripsit.

102 3380 270 3451 Maxima
287 3404 371 3474 pars
388 3380 908 3449 lunumCommentationum
925 3378 1036 3471 periit
1054 3400 1098 3447 ac
1118 3404 1204 3473 per·

102 3507 242 3576 paucae
267 3482 387 3552 veluti
417 3483 555 3550 lacerae
589 3479 831 3577 enauit-agio
863 3479 1011 3549 tabulae
1042 3479 1091 3548 ad
1124 3504 1202 3552 uos

106 3580 332 3654 trausmiffae
352 3582 447 3652 sunt.
502 3581 695 3677 Quidquid
719 3582 868 3651 illarum
889 3605 1017 3675 graece
1042 3582 1202 3673 reperiri

102 3686 252 3779 potuit,
295 3683 333 3752 id
359 3708 494 3775 uuigna
525 3680 702 3753 industria
736 3689 832 3752 Pur.
861 3688 966 3751 Dm
998 3686 1199 3751 {letemus

103 3787 254 3883 collegit
280 3808 322 3852 ac
347 3811 431 3854 cum
457 3784 571 3853 latina
590 3784 917 3880 interpretatione,
956 3784 1138 3876 notisque
1158 3808 1202 3852 ao

102 3888 207 3957 libris
227 3886 343 3957 trihus
363 3889 694 3980 01{guttatae-atu,
722 3887 859 3980 quihus
880 3885 1021 3972 onmia,
1050 3883 1100 3955 ad
1117 3886 1201 3955 Ori·

108 4047 139 4057 --
167 4049 172 4055 .
180 4044 310 4055 uo--nuu

137 4138 160 4176 ’ἱ
180 4133 336 4189 fannium
356 4128 431 4188 titt.
448 4147 546 4194 eruet.
562 4128 633 4195 Vll,
652 4136 708 4187 ηις,
