2542 4724
350 282 423 403 ..0
450 308 477 361 a
504 308 541 361 r.
576 226 661 366 xvi
707 289 744 383 β.
772 288 857 375 153.
1087 297 1163 374 797
1226 360 1232 367 .

67 487 183 553 recte
206 487 256 551 ct,
268 469 395 550 libere
421 472 472 549 de
503 499 575 564 eo,
599 472 712 572 quod
735 499 884 553 verum
905 492 946 551 et
961 474 1108 554 iustum
1124 497 1165 557 et

68 575 239 652 salutare
256 574 440 664 videtur,
464 573 514 649 ad
531 590 679 649 certam
697 575 826 675 legem
845 592 884 650 et
900 604 1086 655 normam
1100 583 1164 656 iu·

70 676 291 752 dicandum
325 676 391 750 est.
443 676 633 773 Denique
666 701 804 751 veram
832 678 1054 755 libertatem
1078 709 1164 757 non

70 779 267 866 tenetis,
302 778 370 874 qui
400 779 642 851 auctoritatis
672 794 711 850 et
735 780 939 876 opinionis
966 786 1163 857 humanae

69 880 248 957 vinculis
268 876 306 951 se
324 879 377 950 ita
394 879 561 976 alligari,
587 879 814 973 mentisque
833 880 973 955 oculos
993 882 1164 957 aliorum

68 981 228 1059 iudicio
253 988 344 1052 eum
369 979 411 1052 in
429 978 597 1052 moduni
613 977 826 1078 perstringi
839 983 1024 1079 patiatur,
1044 999 1087 1057 ut
1103 985 1164 1057 in-

68 1082 145 1161 fita
179 1081 269 1155 veri
301 1074 468 1153 videndi
505 1096 543 1152 et
574 1078 774 1153 scrutandi
807 1082 868 1154 vis
901 1088 1162 1183 opprimatur.

69 1188 158 1263 Eos
182 1197 289 1256 certe
309 1205 329 1253 e
351 1181 577 1268 Veteribus,
602 1182 670 1273 qui
687 1196 731 1253 ut
750 1182 884 1254 aetatis
901 1180 992 1254 luae
1012 1185 1165 1258 lumina

70 1299 202 1371 erant,
220 1285 272 1356 ita
287 1283 526 1381 plerumque
537 1280 661 1355 nostri
677 1280 822 1354 saeculi
831 1282 1029 1374 homines,
1042 1311 1165 1382 quan·

71 1402 165 1462 turn
184 1399 320 1470 aetate,
338 1399 493 1456 tantum
509 1382 612 1456 bene
632 1383 784 1457 meritis
802 1382 1009 1482 superant,
1034 1384 1166 1485 fingu-

70 1486 152 1564 lari
177 1486 438 1560 veneratione
461 1482 573 1582 perse
602 1480 722 1557 uisas
742 1483 808 1558 est.
862 1481 942 1559 Sed
953 1508 1090 1584 neque
1106 1485 1168 1559 illi

71 1587 123 1665 id
139 1585 340 1674 volebant,
358 1601 415 1675 ut,
438 1585 507 1682 qui
522 1509 610 1685 pob
630 1610 699 1658 eos
716 1589 922 1674 viverent,
942 1586 1008 1659 alii
1025 1611 1165 1661 omnes

75 1689 128 1765 ab
146 1713 287 1762 eorum
307 1713 377 1762 ore
401 1685 648 1785 penderent,
674 1701 790 1783 atque
817 1687 918 1761 adeo
936 1680 1037 1762 fixos
1059 1685 1167 1784 quali

71 1790 129 1865 ub
144 1787 248 1890 ipsis
277 1788 475 1862 caucellos
500 1787 611 1860 nulla
637 1811 816 1882 unquam-
828 1789 983 1863 ratione
1002 1788 1168 1888 egrede-

74 1906 242 1976 rentur,
267 1912 399 1983 neqne
423 1887 604 1960 homines
625 1884 841 1961 liberaliter
859 1889 1039 1964 excultos
1054 1889 1169 1990 supe·

73 1992 236 2071 riorum
260 1983 465 2061 beneficiis
490 1988 544 2059 ita
570 1986 747 2086 gaudere
763 1986 899 2077 decet,
927 1992 1170 2090 utneglecta

74 2089 689 2197 progrediendiopportunitate,
701 2087 881 2189 ipfinihil
893 2090 1167 2184 autinvenire,

66 2208 150 2269 ‘aut
164 2193 309 2267 melius
326 2214 492 2266 cernere
510 2205 627 2289 atque
644 2188 857 2266 emendare
877 2190 1117 2267 annituntur.

182 2398 243 2474 Ad
267 2399 417 2473 uberius
440 2396 678 2496 explicanda,
706 2417 744 2473 et
759 2396 907 2472 facilius
927 2397 1167 2487 observanda,

80 2527 180 2601 quac
203 2502 249 2573 de
273 2521 374 2574 recto
391 2504 558 2574 'Parrum
588 2503 686 2574 Eccl.
713 2499 942 2573 instituendo
975 2498 1096 2573 studio
1124 2524 1171 2573 ex

79 2610 290 2677 Vnonsrn
322 2604 521 2688 Oratione,
556 2603 700 2699 saepius
724 2604 892 2687 laudata,
927 2605 1172 2700 protulimus,

79 2708 250 2780 multum
267 2707 405 2788 valent,
434 2707 900 2798 quaeANnn.Hr1²r-:n1us
919 2708 964 2775 de
978 2703 1171 2805 Tireoiogo

68 2801 109 2911 s.
130 2808 175 2877 rie
191 2811 334 2877 ratione
340 2798 458 2904 studii
473 2805 673 2905 theologici
686 2807 771 2877 Lib.
791 2812 850 2877 tv.
868 2810 955 2901 Cap.
976 2808 1033 2879 10.
1051 2805 1170 2902 p.671

78 2904 225 2978 -742
248 2908 470 2979 deveterurn
489 2908 721 3003 Scriptorum
733 2903 1055 2979 ecclesiasticorum
1074 2932 1176 2980 com·

80 3008 277 3084 mentariis
304 3026 473 3080 accurate
494 3009 663 3107 legendis
690 3009 893 3081 lectoribus
919 3010 1177 3080 communica·

81 3112 153 3185 vit.
195 3109 370 3182 Absolvit
387 3136 465 3181 rem
481 3134 633 3182 omnem
645 3110 986 3194 observationibus,
1004 3109 1090 3204 plns
1103 3109 1177 3181 nri·

81 3234 158 3285 :rus
176 3211 333 3306 prolixis
351 3228 387 3282 et
399 3209 608 3296 elaboratis,
638 3212 864 3307 quindecim,
894 3235 1052 3305 quarum
1075 3208 1112 3302 1)
1122 3211 1176 3283 ito

82 3312 124 3389 sc
146 3312 279 3383 habet:
321 3311 483 3407 Expedit
508 3310 627 3408 polle,
669 3312 937 3407 observareque
968 3329 1106 3407 quanta
1131 3308 1177 3384 fit

83 3418 261 3496 Petrum,
290 3438 378 3485 cunr
401 3413 446 3484 de
471 3414 581 3486 rebus
601 3413 738 3486 divinis
754 3415 987 3508 loquuntur,
1014 3414 1177 3484 auctori·

84 3532 144 3588 tas
167 3516 206 3585 in
226 3512 396 3586 Ecclefia.
447 3512 489 3603 2)
514 3514 701 3586 Convenit
717 3519 870 3586 Patrum
894 3514 1177 3589 lucubrationes

82 3612 306 3713 perlustrare
339 3614 574 3709 cupientem,
626 3615 847 3714 cognitione
885 3615 1006 3711 praeci
1036 3640 1178 3688 uorum

83 3716 313 3815 dogmatum
330 3715 523 3813 religionis
542 3642 1178 3789 christianaemcdiocriinlbuctum

86 3815 177 3900 elle,
212 3840 289 3912 quo
315 3816 479 3888 iudicare
504 3814 551 3887 stc
575 3816 662 3890 latis
681 3835 813 3912 queat,
851 3818 942 3914 quid
971 3815 1179 3893 secundum

84 3917 354 4015 praescriptum
382 3918 486 3989 verbi
509 3918 580 3989 Dei
605 3916 649 3988 fit
672 3919 713 3989 in
736 3918 896 3991 Ecclelia
926 3918 1179 4014 approbatum

87 4044 132 4091 ac
162 4018 412 4115 sequendum,
451 4018 590 4114 quidve
615 4021 835 4092 damnatum
863 4044 906 4092 ac
935 4018 1174 4115 fugiendum.

87 4119 374 4208 3)1>roviderru
399 4144 524 4193 rerum
548 4121 850 4219 theologicarum
866 4116 1041 4205 studiosi,
1067 4116 1178 4193 limul
