2542 4724
95 266 173 349 528
419 262 576 393 ὼν.
611 268 678 354 11,
731 222 856 359 §.hh

86 452 416 553 commigrauit,
443 472 529 525 non
557 470 609 525 eo
636 446 826 543 confilio,
859 467 907 527 ut
926 450 1104 535 debeant
1131 460 1200 539 illa

122 554 268 631 robare
290 552 496 652 dogmata,
524 548 636 647 quod
651 576 725 650 per
749 574 818 641 ea,
845 567 1052 653 tamquam
1079 556 1199 639 effata

92 578 294 743 humana,
316 650 427 727 haud
443 648 534 725 fieri
556 649 707 751 potest,
734 648 805 748 sed
827 668 874 727 ut
891 680 940 727 ex
955 658 1038 735 illis
1055 662 1198 739 videa·

91 782 199 845 mus,
217 758 355 829 Deum
371 778 511 829 veram
527 750 753 827 doctrinam
771 752 1017 831 conservalle
1036 787 1084 836 ac
1101 790 1197 865 pro·

90 850 258 961 pagaffe.
313 860 426 959 Quae
442 854 523 927 hoc
538 850 774 943 monstrant,
791 880 879 929 nou
895 854 1040 937 desunt
1058 888 1195 943 exem-

91 958 170 1059 pla.
223 954 421 1031 Praebent
435 952 527 1030 ista:

68 1108 73 1117 ·
193 1066 334 1133 Mnnr.
352 1065 596 1131 Cnamurrrr
622 1057 776 1155 scripta,
804 1062 969 1136 maxime
993 1071 1091 1141 Loci
1114 1070 1192 1147 eius

91 1160 293 1261 theologici
316 1174 354 1231 et
377 1166 547 1231 Examen
577 1162 731 1231 Concilii
762 1166 977 1237 Tridentini.
1041 1172 1192 1269 Scripfit

90 1268 248 1361 'quoque
269 1264 488 1335 Orationem
503 1262 549 1332 de
570 1263 722 1334 lectione
739 1266 909 1349 Potrum,
932 1261 1191 1362 [Doctorum

91 1354 411 1465 ecclefiosticorum
430 1388 473 1434 ac
498 1362 543 1435 de
563 1388 653 1435 vero
672 1382 852 1461 rectoque
869 1366 939 1437 usu
960 1368 1190 1467 scriptorum

90 1470 265 1551 Patrum,
293 1464 412 1560 qualis
436 1464 501 1535 ille
526 1462 593 1535 elle
619 1464 749 1537 debeat
766 1466 939 1540 differuit.
993 1476 1189 1551 Praemilla

88 1566 156 1639 illa
172 1564 223 1641 cst
240 1568 348 1637 Locis
373 1564 541 1637 ciusdem
568 1564 787 1665 theologicis
813 1593 856 1640 ac
871 1566 997 1665 postea
1012 1577 1093 1649 An.
1114 1582 1189 1651 Ra.

93 1690 355 1743 cuauaaaou
368 1670 582 1739 Sunzmario
600 1656 772 1763 hfioriac
783 1662 969 1767 ecclefioft.
985 1699 1142 1751 annexa.
1151 1680 1187 1773 ¹¹¹)

189 1790 250 1858 10.
275 1791 500 1857 Granium
527 1788 618 1855 Loci
645 1782 865 1883 theologici,
899 1786 966 1883 qui
988 1794 1187 1891 praecipue

90 1886 138 1961 ad
160 1890 293 1960 locum
307 1888 421 1959 -nune
444 1886 653 1981 pertinent,
680 1912 799 1981 quum
817 1890 1029 1964 Gerhardus
1049 1894 1091 1965 in
1112 1896 1186 1971 illia

87 1978 300 2061 testimonia
316 1994 469 2061 Patrum
486 1986 593 2059 omni
607 1986 680 2059 fide
697 2013 739 2059 ac
755 2014 843 2063 cum
861 1990 1006 2063 iudicio
1026 1993 1185 2093 diligen·

86 2090 145 2163 'ter'
171 2090 348 2177 adduxit,
376 2114 422 2163 eo
441 2088 589 2173 animo,
616 2106 662 2159 ut
678 2114 772 2184 quae
788 2116 834 2161 ex
850 2092 1042 2187 Scriptura
1059 2102 1095 2169 S.
1115 2116 1185 2173 tra·

88 2192 251 2278 diderat,
279 2218 321 2265 ea
337 2191 577 2265 confirmaret
592 2215 636 2263 ac
651 2192 850 2287 praecipue
868 2188 1091 2283 ostenderet,
1116 2206 1183 2273 Ec·

86 2282 213 2367 'elenae
237 2290 383 2366 nostrae
406 2292 620 2363 doctrinam
645 2316 726 2361 non
752 2290 820 2363 elle
840 2318 994 2367 novam.
1046 2299 1183 2395 Ipfein

83 2396 251 2467 lectione
268 2400 422 2466 Parrum
439 2393 746 2489 probe'verlatus
769 2392 846 2467 fuit
863 2394 1013 2493 hocque
1040 2419 1079 2473 et
1099 2402 1181 2477 aliis

84 2494 235 2592 scriptis
254 2496 340 2567 latis
359 2494 633 2590 comprobavit.
651 2492 712 2585 *Ὀ

81 2650 105 2701 ,·
185 2620 245 2686 Io.
280 2619 433 2687 Fnaxc.
465 2619 637 2685 Bonum
676 2604 930 2707 Institutioncs
969 2620 1181 2723 theologiae

86 2716 348 2820 dogmaticae,
385 2738 479 2809 quae
509 2714 562 2786 ita
589 2716 818 2811 compositae
841 2718 947 2803 lunt,
982 2740 1027 2793 ut
1052 2726 1181 2811 locum

83 2818 188 2891 hunc
213 2816 321 2889 omni
342 2816 425 2889 iure
444 2816 650 2889 obtineant.
704 2822 830 2911 Quum
855 2820 957 2891 enim
984 2842 1117 2897 auctor
1137 2850 1180 2899 ex

82 2904 322 3017 historiarum
347 2920 607 2991 monumentis
633 2937 781 3013 practer
806 2920 876 2991 alia
902 2942 1063 3009 attonat,
1087 2950 1179 3021 quaa

80 3020 134 3101 ad
165 3045 274 3093 verae
301 3020 497 3091 doctrinae
520 3020 838 3117 propagationem
861 3046 904 3092 ac
930 3022 1178 3099 conservatio-

82 3148 172 3194 nem
194 3122 406 3217 pertinent,
435 3122 483 3193 ad
504 3123 601 3193 hanc
623 3121 877 3215 probandam,
904 3127 1061 3199 Patrum
1083 3128 1177 3199 dicta

78 3248 126 3307 ac
142 3220 352 3295 testimonia
369 3246 509 3322 magno
527 3219 649 3293 studio
671 3222 825 3321 collegit
840 3220 1176 3315 ac'reccnstrit.***)

78 3384 95 3421 ·.
186 3330 258 3397 Ga.
276 3332 316 3397 F.
336 3332 490 3397 Samen
511 3326 547 3393 Τ
545 3322 720 3419 heologia
745 3326 989 3421 dogmatico·
996 3332 1178 3423 polemico

82 3452 114 3499 c.
145 3429 361 3523 compendio
388 3416 562 3523 histor-iem
587 3425 824 3522 dogmatum.
851 3425 974 3503 Edd.
1027 3434 1176 3529 Erlang.

80 3528 217 3621 (1774)
238 3528 346 3604 1769.
369 3528 407 3601 8.
442 3524 479 3623 (1
499 3527 587 3601 nm.
605 3528 653 3600 to
668 3524 740 3625 gr.)

83 3714 317 3735 m

115 3802 201 3873 ·)10.
224 3802 277 3857 Gr·
297 3802 417 3859 Wracu
435 3800 512 3858 Bibl.
530 3798 619 3855 theol.
638 3800 661 3869 l,
680 3804 722 3859 53.
743 3798 781 3868 11,
797 3804 859 3859 269.

76 3892 82 3901 '
114 3897 333 3963 ⁸¹)Wnacni.
352 3894 474 3961 l.1,55.
511 3896 621 3949 Denuo
647 3896 701 3949 hos
721 3894 799 3949 lacot
818 3894 950 3971 theolog.
971 3897 1175 3956 edidilvatiir.

75 3990 83 4005 ·
107 3982 110 3989 ·
147 3964 447 4105 ii'gstffiff'gndmiffl
464 3966 487 4021 l.
505 3964 536 4017 F.
555 3966 666 4021 Corra·
701 3962 834 4037 Tuting.
855 3970 1016 4027 troc-89.
1035 3969 1130 4023 XXI!-
1150 3972 1174 4025 4·

163 4054 169 4067 .
277 4071 284 4087 ·
342 4052 378 4107 ὅ,

78 4209 84 4221 Ι
112 4136 169 4203 m)
188 4132 306 4191 Wuacu
324 4126 346 4183 l·
366 4146 392 4183 c.
409 4126 434 4197 l,
450 4130 493 4185 63.
