2542 4724
352 254 361 269 ’
421 285 510 365 as
536 310 572 365 ι.
609 293 657 363 x.
710 292 745 383 §-
772 290 834 368 sr.
1099 292 1183 372 sss,

72 472 157 547 sent
177 470 392 570 ineptarum
420 476 533 570 'atque
556 475 760 571 impiarum
774 476 1008 563 fabularum,
1034 479 1172 553 merito

73 573 285 649 valedixisse
292 602 304 660 3
337 575 430 648 item
452 584 521 672 περὶ
542 582 600 649 τοῦ
616 584 699 651 Θεοῦ
721 588 911 672 μοναρχίας,
947 579 1013 650 ubi
1036 585 1171 653 Poeta·

73 701 161 749 rum
192 673 414 749 testimoniis
437 677 593 772 probat,
634 703 755 751 unum
782 679 850 752 esse
874 680 998 751 solum
1022 686 1173 769 Deum;

71 763 246 875 Epistola
270 778 322 846 ad
344 777 599 877 Diognetum,
634 780 768 853 itidem
792 781 840 852 ad
864 781 1173 855 veritatemreli·

73 877 203 980 gionis
230 873 445 951 christianae
474 880 709 974 probandam
736 881 954 977 conscripta.
1015 888 1087 954 Pro
1112 906 1172 956 ea·

74 978 163 1051 dem
187 978 345 1052 veritate
367 983 556 1052 nonnulla
579 983 649 1053 alia
673 979 804 1053 Iustini
829 1001 1080 1054 monumenta
1104 983 1171 1055 ad·

74 1079 288 1167 ducuntur,
311 1081 560 1154 nominatim:
584 1073 902 1176 Aristotelicorum
926 1070 1188 1181 quorundam¹
1248 1116 1256 1139 ³

72 1182 302 1279 dogmatum
319 1174 478 1276 eve‘rfio;
508 1175 746 1284 {lacessiones
770 1186 928 1279 quinque
952 1178 1172 1282 christianae

71 1282 127 1353 ad
147 1284 332 1362 Graecas;
360 1275 598 1383 Quaestioucs
609 1289 855 1382 graecanicae
870 1286 916 1355 dc
931 1290 1171 1381 Incorpore'o,

74 1384 123 1456 dc
145 1386 254 1466 Deo,
283 1385 329 1454 de
351 1378 649 1480 Resurrectiouc5
680 1385 888 1457 Solutioues
915 1378 1172 1480 quaestionum

74 1480 151 1559 146
168 1485 220 1555 ad
236 1482 485 1557 orthodoxos.
525 1486 596 1558 Sed
622 1504 748 1559 tamen
769 1486 901 1582 scripta
918 1489 1008 1559 haec
1025 1487 1069 1558 ab
1087 1488 1171 1559 aliis

74 1584 328 1673 omittuntur,
369 1585 489 1683 quum
512 1587 599 1661 satis
626 1586 676 1662 cst
702 1584 975 1676 monstratum,
1004 1588 1070 1660 illa
1102 1585 1171 1661 effe

69 1686 293 1759 adulterina.
1031 1722 1034 1727 ’

178 1795 383 1876 Tarum,
409 1786 541 1863 Iustini
558 1791 741 1887 discipuli,
768 1793 925 1865 natione
939 1790 1041 1885 Syri,
1067 1789 1172 1879 Λόγος

69 1892 149 1986 πρὸς
175 1888 355 1983 Ἕλληνας,
399 1914 512 1987 quem
542 1894 712 1965 nobilem
747 1893 957 1965 sermonem
983 1892 1007 1963 s.
1027 1892 1170 1965 librum

69 1988 234 2088 scripsit,
260 2011 462 2088 antequam
477 1993 519 2064 in
534 1992 697 2066 haeresin
711 1994 892 2066 incideret
911 2018 1067 2087 eamque
1084 2018 1171 2089 pro·

71 2090 263 2179 fiteretur,
297 2117 342 2166 eo
371 2092 551 2182 consilio,
585 2113 630 2166 ut
656 2100 884 2168 Graecorum
911 2094 1169 2191 ignorantiam

71 2194 304 2269 retunderet.
339 2201 440 2267 Inter
456 2197 526 2267 alia
544 2193 724 2279 ostendit,
752 2203 924 2278 Graecos,
953 2219 1048 2290 quae
1065 2195 1168 2267 bona

73 2318 121 2366 ac
137 2320 223 2385 vera
240 2298 419 2380 habeant,
447 2320 486 2367 ea
502 2297 672 2369 Barbaris
700 2297 725 2368 s.
743 2296 993 2368 Orientalibus
1014 2294 1168 2376 debem3

69 2394 141 2467 illa
157 2414 283 2473 autem
299 2398 376 2495 ipsa
386 2398 558 2495 pluribus
577 2397 768 2471 erroribus
781 2422 824 2470 aa
840 2396 1064 2470 commentis
1078 2420 1170 2467 eon·
1243 2456 1246 2461 .

68 2496 276 2573 taminaffe.

175 2600 521 2685 Assaracontr,
546 2599 665 2697 patria
681 2595 925 2683 Atheniensrs,
952 2595 1173 2693 philosophi

71 2696 282 2788 christiani,
308 2704 538 2796 Presbyteri,
565 2703 776 2775 eruditione
793 2727 880 2799 prae
896 2700 978 2772 aliis
1001 2698 1170 2797 infignis,

71 2802 272 2903 Apologia
295 2801 388 2891 srve,
418 2822 462 2874 ut
478 2805 520 2875 in
534 2803 778 2901 inscriptione
795 2803 1004 2898 appellatur
1018 2804 1169 2895 πρεσβεία

71 2902 146 2997 περὶ
176 2910 365 2999 Χριστιανῶν
391 2907 553 3004 legatio
580 2929 651 3002 pro
680 2895 891 2999 Christianis
898 2928 916 2981 ;
951 2902 1017 2973 ubi
1040 2920 1169 2973 tamen

73 3002 271 3079 sciendum
298 3004 367 3092 est,
400 3032 535 3079 vocem
555 3011 705 3101 πρεσβεία
727 3031 810 3077 non
834 3022 983 3076 tantum
1010 3005 1171 3075 levatio·

73 3106 406 3191 uuei,sedetian1
434 3112 686 3203 precationem
710 3105 924 3207 significare.
984 3110 1044 3177 De
1072 3104 1169 3175 icata

73 3206 144 3279 ilia
160 3202 210 3279 est
227 3206 522 3303 Imperatoribus
542 3215 600 3279 M.
618 3210 771 3280 Aurelio
786 3208 982 3279 Antonino
998 3220 1035 3277 et
1049 3209 1170 3277 Aure·

75 3306 129 3377 lio
150 3310 368 3392 Cornmodo,
386 3312 629 3393 Armeniacis,
646 3311 866 3380 Sarruaticis
881 3320 918 3379 et
935 3308 1034 3401 qttod
1050 3308 1171 3377 titani·

73 3402 252 3507 rnurufit,
277 3404 511 3511 philosophis.
563 3409 743 3483 Dissenfio
763 3427 888 3481 tamen
906 3404 955 3479 est
978 3409 1076 3481 inter
1090 3415 1169 3478 Do·

76 3526 185 3594 etos,
212 3513 368 3607 quinam
385 3517 633 3608 Imperatores
653 3511 879 3583 indicentur.

184 3618 453 3697 Trrrtorurnr,
486 3613 710 3685 Antiochiae
726 3612 865 3707 Episc.,
891 3611 998 3682 Libri
1020 3628 1094 3682 tres
1119 3608 1172 3679 ad

71 3706 312 3812 'Autolycum
333 3714 403 3803 aspi
427 3721 484 3803 τῆς
509 3720 574 3786 τῶν
597 3720 786 3805 Χριστιανῶν
810 3726 966 3797 alaram-r
1006 3716 1051 3784 In
1078 3736 1173 3782 con·

72 3812 277 3887 scribendis
296 3815 355 3886 his
368 3816 473 3887 libris
489 3817 726 3912 Theophilus
749 3840 834 3888 cunr
851 3812 917 3886 fibi
933 3814 1172 3911 propositum

72 3915 208 3989 habuit
225 3915 358 4001 finem,
386 3935 429 3986 ut
448 3942 513 3990 eos
539 3917 772 4002 confutaret,
801 3916 865 4011 qui
882 3918 987 4010 plura
1014 3914 1172 3983 nurniua

71 4036 312 4087 venerantur.
366 4020 492 4088 Primo
518 4021 616 4089 libro
644 4021 830 4089 nonnulla
856 4016 992 4086 disserit
1011 4016 1055 4085 dc
1074 4020 1171 4095 Dea,

72 4112 225 4189 essenus
250 4117 330 4193 cius
356 4134 469 4215 atquc
492 4119 683 4192 attributis
706 4144 749 4191 ac
771 4118 1042 4191 resurrectione
1062 4139 1173 4207 ,mor-
