<?xml version="1.0" encoding="UTF-8"?>
<!DOCTYPE html PUBLIC "-//W3C//DTD XHTML 1.0 Transitional//EN"
    "http://www.w3.org/TR/xhtml1/DTD/xhtml1-transitional.dtd">
<html xmlns="http://www.w3.org/1999/xhtml" xml:lang="en" lang="en">
 <head>
  <title>
</title>
<meta http-equiv="Content-Type" content="text/html;charset=utf-8" />
  <meta name='ocr-system' content='tesseract 3.04.00' />
  <meta name='ocr-capabilities' content='ocr_page ocr_carea ocr_par ocr_line ocrx_word'/>
</head>
<body>
  <div class='ocr_page' id='page_1' title='image "./iogeorgiiwalchi05walcgoog/iogeorgiiwalchi05walcgoog_0794.png"; bbox 0 0 2542 4724; ppageno 0'>
   <div class='ocr_carea' id='block_1_1' title="bbox 115 263 885 369">
    <p class='ocr_par' dir='ltr' id='par_1_1' title="bbox 115 263 885 369">
     <span class='ocr_line' id='line_1_1' title="bbox 115 263 885 369; baseline -0.003 0"><span class='ocrx_word' id='word_1_1' title='bbox 115 294 193 369; x_wconf 83' lang='lat'><strong>790</strong></span> <span class='ocrx_word' id='word_1_2' title='bbox 433 288 515 360; x_wconf 61' lang='lat' dir='ltr'><strong>cr</strong></span> <span class='ocrx_word' id='word_1_3' title='bbox 540 304 577 359; x_wconf 70' lang='grc' dir='ltr'><strong>ιι.</strong></span> <span class='ocrx_word' id='word_1_4' title='bbox 603 263 683 354; x_wconf 81' lang='lat' dir='ltr'><strong>xv.</strong></span> <span class='ocrx_word' id='word_1_5' title='bbox 713 278 772 366; x_wconf 74' lang='lat' dir='ltr'><strong>t.</strong></span> <span class='ocrx_word' id='word_1_6' title='bbox 800 274 885 354; x_wconf 84' lang='lat'><strong>¹⁵0·</strong></span> 
     </span>
    </p>
   </div>
   <div class='ocr_carea' id='block_1_2' title="bbox 123 458 1220 672">
    <p class='ocr_par' dir='ltr' id='par_1_2' title="bbox 123 458 1220 672">
     <span class='ocr_line' id='line_1_2' title="bbox 123 458 1220 570; baseline -0.044 2"><span class='ocrx_word' id='word_1_7' title='bbox 123 475 313 560; x_wconf 62' lang='lat' dir='ltr'><strong>censuras,</strong></span> <span class='ocrx_word' id='word_1_8' title='bbox 349 472 457 546; x_wconf 77' lang='lat' dir='ltr'><strong>cuius</strong></span> <span class='ocrx_word' id='word_1_9' title='bbox 489 458 635 570; x_wconf 81' lang='lat' dir='ltr'><strong>generis</strong></span> <span class='ocrx_word' id='word_1_10' title='bbox 660 464 790 539; x_wconf 87' lang='lat' dir='ltr'><strong>fecerit</strong></span> <span class='ocrx_word' id='word_1_11' title='bbox 813 465 1020 554; x_wconf 77' lang='lat' dir='ltr'><strong>Dassaeua,</strong></span> <span class='ocrx_word' id='word_1_12' title='bbox 1055 464 1220 547; x_wconf 58' lang='lat' dir='ltr'><strong>hostib„</strong></span> 
     </span>
     <span class='ocr_line' id='line_1_3' title="bbox 123 567 1219 672; baseline -0.023 -16"><span class='ocrx_word' id='word_1_13' title='bbox 123 568 698 672; x_wconf 80' lang='lat' dir='ltr'><strong>nofttispraebeteoccafionem,</strong></span> <span class='ocrx_word' id='word_1_14' title='bbox 717 567 860 639; x_wconf 82' lang='lat' dir='ltr'><strong>summa</strong></span> <span class='ocrx_word' id='word_1_15' title='bbox 880 568 1006 663; x_wconf 86' lang='lat' dir='ltr'><strong>capita</strong></span> <span class='ocrx_word' id='word_1_16' title='bbox 1028 570 1219 649; x_wconf 59' lang='lat' dir='ltr'><strong>doctrin„</strong></span> 
     </span>
    </p>
   </div>
   <div class='ocr_carea' id='block_1_3' title="bbox 18 668 1218 775">
    <p class='ocr_par' dir='ltr' id='par_1_3' title="bbox 18 668 1218 775">
     <span class='ocr_line' id='line_1_4' title="bbox 18 668 1218 775; baseline 0.008 -33"><span class='ocrx_word' id='word_1_17' title='bbox 18 668 20 675; x_wconf 76' lang='grc'><strong>’</strong></span> <span class='ocrx_word' id='word_1_18' title='bbox 62 692 65 701; x_wconf 79' lang='grc'><em>“</em></span> <span class='ocrx_word' id='word_1_19' title='bbox 125 682 246 756; x_wconf 80' lang='lat' dir='ltr'><strong>sacrae</strong></span> <span class='ocrx_word' id='word_1_20' title='bbox 261 672 526 758; x_wconf 86' lang='lat' dir='ltr'><strong>labefactandi,</strong></span> <span class='ocrx_word' id='word_1_21' title='bbox 544 671 606 744; x_wconf 87' lang='lat' dir='ltr'><strong>sed</strong></span> <span class='ocrx_word' id='word_1_22' title='bbox 623 668 812 767; x_wconf 86' lang='lat' dir='ltr'><strong>speciatim</strong></span> <span class='ocrx_word' id='word_1_23' title='bbox 831 694 988 766; x_wconf 87' lang='lat' dir='ltr'><strong>qnoque</strong></span> <span class='ocrx_word' id='word_1_24' title='bbox 1004 672 1055 745; x_wconf 88' lang='lat' dir='ltr'><strong>de</strong></span> <span class='ocrx_word' id='word_1_25' title='bbox 1070 673 1218 775; x_wconf 73' lang='lat' dir='ltr'><strong>[iugulis</strong></span> 
     </span>
    </p>
   </div>
   <div class='ocr_carea' id='block_1_4' title="bbox 124 767 1218 859">
    <p class='ocr_par' dir='ltr' id='par_1_4' title="bbox 124 767 1218 859">
     <span class='ocr_line' id='line_1_5' title="bbox 124 767 1218 859; baseline -0.014 -4"><span class='ocrx_word' id='word_1_26' title='bbox 124 778 216 855; x_wconf 90' lang='lat' dir='ltr'><strong>fidei</strong></span> <span class='ocrx_word' id='word_1_27' title='bbox 232 777 398 850; x_wconf 82' lang='lat' dir='ltr'><strong>articulis</strong></span> <span class='ocrx_word' id='word_1_28' title='bbox 424 770 597 859; x_wconf 85' lang='lat' dir='ltr'>ostendit,</span> <span class='ocrx_word' id='word_1_29' title='bbox 615 778 741 844; x_wconf 82' lang='lat' dir='ltr'><strong>Patres</strong></span> <span class='ocrx_word' id='word_1_30' title='bbox 756 767 969 842; x_wconf 84' lang='lat' dir='ltr'><strong>testimonia</strong></span> <span class='ocrx_word' id='word_1_31' title='bbox 986 777 1163 850; x_wconf 74' lang='lat' dir='ltr'><strong>veritatis</strong></span> <span class='ocrx_word' id='word_1_32' title='bbox 1179 778 1218 852; x_wconf 67' lang='lat' dir='ltr'><strong>de</strong></span> 
     </span>
    </p>
   </div>
   <div class='ocr_carea' id='block_1_5' title="bbox 43 873 1219 974">
    <p class='ocr_par' dir='ltr' id='par_1_5' title="bbox 43 873 1219 974">
     <span class='ocr_line' id='line_1_6' title="bbox 43 873 1219 974; baseline -0.02 -12"><span class='ocrx_word' id='word_1_33' title='bbox 43 887 48 903; x_wconf 74' lang='grc'><strong><em>’</em></strong></span> <span class='ocrx_word' id='word_1_34' title='bbox 125 884 202 957; x_wconf 84' lang='lat' dir='ltr'><strong>illis</strong></span> <span class='ocrx_word' id='word_1_35' title='bbox 229 876 377 953; x_wconf 81' lang='lat' dir='ltr'><strong>edidiffe</strong></span> <span class='ocrx_word' id='word_1_36' title='bbox 403 895 515 967; x_wconf 88' lang='lat' dir='ltr'><strong>atque</strong></span> <span class='ocrx_word' id='word_1_37' title='bbox 536 876 579 947; x_wconf 89' lang='lat' dir='ltr'><strong>in</strong></span> <span class='ocrx_word' id='word_1_38' title='bbox 603 874 865 947; x_wconf 82' lang='lat' dir='ltr'><strong>monumentis</strong></span> <span class='ocrx_word' id='word_1_39' title='bbox 890 873 1127 974; x_wconf 75' lang='lat' dir='ltr'><strong>suis-scripta</strong></span> <span class='ocrx_word' id='word_1_40' title='bbox 1143 880 1219 953; x_wconf 64' lang='lat' dir='ltr'><strong>reli.</strong></span> 
     </span>
    </p>
   </div>
   <div class='ocr_carea' id='block_1_6' title="bbox 128 974 1239 1382">
    <p class='ocr_par' dir='ltr' id='par_1_6' title="bbox 128 974 1239 1176">
     <span class='ocr_line' id='line_1_7' title="bbox 128 974 1218 1081; baseline 0.002 -26"><span class='ocrx_word' id='word_1_41' title='bbox 128 981 267 1081; x_wconf 74' lang='lat' dir='ltr'><strong>quiss&#39;e.&#39;</strong></span> <span class='ocrx_word' id='word_1_42' title='bbox 305 986 409 1077; x_wconf 83' lang='lat' dir='ltr'><strong>Quae</strong></span> <span class='ocrx_word' id='word_1_43' title='bbox 436 1003 556 1075; x_wconf 91' lang='lat' dir='ltr'><strong>quum</strong></span> <span class='ocrx_word' id='word_1_44' title='bbox 582 992 729 1049; x_wconf 83' lang='lat' dir='ltr'>enarrat</span> <span class='ocrx_word' id='word_1_45' title='bbox 754 974 972 1074; x_wconf 82' lang='lat' dir='ltr'><strong>diligenter,</strong></span> <span class='ocrx_word' id='word_1_46' title='bbox 1000 983 1131 1054; x_wconf 88' lang='lat' dir='ltr'><strong>multa</strong></span> <span class='ocrx_word' id='word_1_47' title='bbox 1156 983 1218 1057; x_wconf 79' lang='lat' dir='ltr'><strong>alit</strong></span> 
     </span>
     <span class='ocr_line' id='line_1_8' title="bbox 129 1072 1239 1176; baseline -0.014 -18"><span class='ocrx_word' id='word_1_48' title='bbox 129 1084 274 1158; x_wconf 89' lang='lat' dir='ltr'><strong>erudita</strong></span> <span class='ocrx_word' id='word_1_49' title='bbox 292 1080 517 1153; x_wconf 82' lang='lat' dir='ltr'><strong>aelectione</strong></span> <span class='ocrx_word' id='word_1_50' title='bbox 535 1078 648 1176; x_wconf 84' lang='lat' dir='ltr'><strong>digna</strong></span> <span class='ocrx_word' id='word_1_51' title='bbox 668 1072 784 1149; x_wconf 78' lang='lat' dir='ltr'><strong>affert</strong></span> <span class='ocrx_word' id='word_1_52' title='bbox 1233 1074 1239 1091; x_wconf 93' lang='lat'>&#39;</span> 
     </span>
    </p>

    <p class='ocr_par' dir='ltr' id='par_1_7' title="bbox 130 1168 1221 1382">
     <span class='ocr_line' id='line_1_9' title="bbox 228 1168 1220 1273; baseline 0.003 -18"><span class='ocrx_word' id='word_1_53' title='bbox 228 1190 320 1255; x_wconf 90' lang='lat' dir='ltr'><strong>Non</strong></span> <span class='ocrx_word' id='word_1_54' title='bbox 344 1180 546 1253; x_wconf 85' lang='lat' dir='ltr'><strong>defuerunt</strong></span> <span class='ocrx_word' id='word_1_55' title='bbox 569 1197 707 1264; x_wconf 88' lang='lat' dir='ltr'><strong>tamen,</strong></span> <span class='ocrx_word' id='word_1_56' title='bbox 724 1175 792 1273; x_wconf 92' lang='lat' dir='ltr'><strong>qui</strong></span> <span class='ocrx_word' id='word_1_57' title='bbox 813 1168 973 1251; x_wconf 81' lang='lat' dir='ltr'><strong>Dallaeo</strong></span> <span class='ocrx_word' id='word_1_58' title='bbox 992 1178 1170 1257; x_wconf 84' lang='lat' dir='ltr'><strong>faverent</strong></span> <span class='ocrx_word' id='word_1_59' title='bbox 1184 1210 1220 1258; x_wconf 84' lang='lat' dir='ltr'><strong>aa</strong></span> 
     </span>
     <span class='ocr_line' id='line_1_10' title="bbox 130 1278 1221 1382; baseline 0.002 -24"><span class='ocrx_word' id='word_1_60' title='bbox 130 1310 228 1382; x_wconf 88' lang='lat' dir='ltr'><strong>opus</strong></span> <span class='ocrx_word' id='word_1_61' title='bbox 244 1282 349 1355; x_wconf 85' lang='lat' dir='ltr'><strong>illins</strong></span> <span class='ocrx_word' id='word_1_62' title='bbox 361 1282 413 1355; x_wconf 79' lang='lat' dir='ltr'><strong>de</strong></span> <span class='ocrx_word' id='word_1_63' title='bbox 426 1279 502 1380; x_wconf 81' lang='lat' dir='ltr'><strong>Usu</strong></span> <span class='ocrx_word' id='word_1_64' title='bbox 518 1284 678 1352; x_wconf 84' lang='lat' dir='ltr'><strong>Patrnm</strong></span> <span class='ocrx_word' id='word_1_65' title='bbox 694 1278 788 1352; x_wconf 86' lang='lat' dir='ltr'><strong>insta</strong></span> <span class='ocrx_word' id='word_1_66' title='bbox 803 1279 917 1353; x_wconf 84' lang='lat' dir='ltr'><strong>laude</strong></span> <span class='ocrx_word' id='word_1_67' title='bbox 933 1305 1135 1358; x_wconf 83' lang='lat' dir='ltr'><strong>ornarent.</strong></span> <span class='ocrx_word' id='word_1_68' title='bbox 1182 1294 1221 1360; x_wconf 87' lang='lat' dir='ltr'><strong>In</strong></span> 
     </span>
    </p>
   </div>
   <div class='ocr_carea' id='block_1_7' title="bbox 112 1382 1221 1483">
    <p class='ocr_par' dir='ltr' id='par_1_8' title="bbox 112 1382 1221 1483">
     <span class='ocr_line' id='line_1_11' title="bbox 112 1382 1221 1483; baseline -0.001 -24"><span class='ocrx_word' id='word_1_69' title='bbox 112 1410 289 1483; x_wconf 82' lang='lat' dir='ltr'><strong>¹numero</strong></span> <span class='ocrx_word' id='word_1_70' title='bbox 305 1382 464 1456; x_wconf 89' lang='lat' dir='ltr'><strong>illorum</strong></span> <span class='ocrx_word' id='word_1_71' title='bbox 481 1382 585 1473; x_wconf 72' lang='lat' dir='ltr'><strong>sont:</strong></span> <span class='ocrx_word' id='word_1_72' title='bbox 612 1388 719 1454; x_wconf 88' lang='lat' dir='ltr'><strong>Lon.</strong></span> <span class='ocrx_word' id='word_1_73' title='bbox 737 1387 1016 1471; x_wconf 72' lang='lat' dir='ltr'><strong>Mammas,</strong></span> <span class='ocrx_word' id='word_1_74' title='bbox 1042 1394 1105 1462; x_wconf 92' lang='lat' dir='ltr'><strong>Io.</strong></span> <span class='ocrx_word' id='word_1_75' title='bbox 1121 1396 1221 1463; x_wconf 82' lang='lat' dir='ltr'><strong>Ena·</strong></span> 
     </span>
    </p>
   </div>
   <div class='ocr_carea' id='block_1_8' title="bbox 128 1489 1221 1583">
    <p class='ocr_par' dir='ltr' id='par_1_9' title="bbox 128 1489 1221 1583">
     <span class='ocr_line' id='line_1_12' title="bbox 128 1489 1221 1583; baseline 0.001 -22"><span class='ocrx_word' id='word_1_76' title='bbox 128 1510 278 1570; x_wconf 77' lang='lat' dir='ltr'><strong>annos,</strong></span> <span class='ocrx_word' id='word_1_77' title='bbox 291 1490 675 1583; x_wconf 56' lang='lat' dir='ltr'><strong>Gnatamusno.</strong></span> <span class='ocrx_word' id='word_1_78' title='bbox 687 1489 1079 1575; x_wconf 76' lang='lat' dir='ltr'><strong>H.Horr1nennos,</strong></span> <span class='ocrx_word' id='word_1_79' title='bbox 1097 1492 1221 1565; x_wconf 74' lang='lat' dir='ltr'><strong>Anax.</strong></span> 
     </span>
    </p>
   </div>
   <div class='ocr_carea' id='block_1_9' title="bbox 106 1583 1221 1687">
    <p class='ocr_par' dir='ltr' id='par_1_10' title="bbox 106 1583 1221 1687">
     <span class='ocr_line' id='line_1_13' title="bbox 106 1583 1221 1687; baseline 0.004 -25"><span class='ocrx_word' id='word_1_80' title='bbox 106 1588 284 1662; x_wconf 61' lang='lat' dir='ltr'><strong>”Menos</strong></span> <span class='ocrx_word' id='word_1_81' title='bbox 317 1604 429 1680; x_wconf 89' lang='lat' dir='ltr'><strong>atque</strong></span> <span class='ocrx_word' id='word_1_82' title='bbox 459 1583 545 1671; x_wconf 88' lang='lat' dir='ltr'><strong>alii,</strong></span> <span class='ocrx_word' id='word_1_83' title='bbox 579 1609 676 1682; x_wconf 85' lang='lat' dir='ltr'><strong>quos</strong></span> <span class='ocrx_word' id='word_1_84' title='bbox 702 1611 776 1657; x_wconf 90' lang='lat' dir='ltr'><strong>nna</strong></span> <span class='ocrx_word' id='word_1_85' title='bbox 803 1609 888 1655; x_wconf 89' lang='lat' dir='ltr'><strong>cum</strong></span> <span class='ocrx_word' id='word_1_86' title='bbox 913 1584 1070 1687; x_wconf 82' lang='lat' dir='ltr'><strong>scriptis</strong></span> <span class='ocrx_word' id='word_1_87' title='bbox 1097 1620 1221 1667; x_wconf 87' lang='lat' dir='ltr'><strong>eornm</strong></span> 
     </span>
    </p>
   </div>
   <div class='ocr_carea' id='block_1_10' title="bbox 127 1679 1221 1885">
    <p class='ocr_par' dir='ltr' id='par_1_11' title="bbox 127 1679 1221 1885">
     <span class='ocr_line' id='line_1_14' title="bbox 129 1679 1221 1781; baseline 0.008 -22"><span class='ocrx_word' id='word_1_88' title='bbox 129 1679 292 1759; x_wconf 75' lang='lat' dir='ltr'><strong>recenset</strong></span> <span class='ocrx_word' id='word_1_89' title='bbox 306 1705 414 1760; x_wconf 89' lang='lat' dir='ltr'><strong>antea</strong></span> <span class='ocrx_word' id='word_1_90' title='bbox 431 1686 607 1759; x_wconf 83' lang='lat' dir='ltr'><strong>laudatus</strong></span> <span class='ocrx_word' id='word_1_91' title='bbox 626 1692 828 1759; x_wconf 68' lang='lat' dir='ltr'><strong>Zonaras.</strong></span> <span class='ocrx_word' id='word_1_92' title='bbox 845 1685 884 1774; x_wconf 80' lang='lat'><strong>*)</strong></span> <span class='ocrx_word' id='word_1_93' title='bbox 935 1693 1097 1764; x_wconf 83' lang='lat' dir='ltr'><strong>Praeter</strong></span> <span class='ocrx_word' id='word_1_94' title='bbox 1121 1695 1221 1781; x_wconf 78' lang='lat' dir='ltr'><strong>alios,</strong></span> 
     </span>
     <span class='ocr_line' id='line_1_15' title="bbox 127 1770 1220 1885; baseline 0.005 -24"><span class='ocrx_word' id='word_1_95' title='bbox 127 1788 206 1861; x_wconf 82' lang='lat' dir='ltr'><strong>iam</strong></span> <span class='ocrx_word' id='word_1_96' title='bbox 239 1770 413 1874; x_wconf 78' lang='lat' dir='ltr'><strong>omitios,</strong></span> <span class='ocrx_word' id='word_1_97' title='bbox 449 1786 649 1885; x_wconf 74' lang='lat' dir='ltr'><strong>praecipue</strong></span> <span class='ocrx_word' id='word_1_98' title='bbox 681 1788 950 1861; x_wconf 85' lang='lat' dir='ltr'><strong>memorandus</strong></span> <span class='ocrx_word' id='word_1_99' title='bbox 993 1790 1046 1865; x_wconf 84' lang='lat' dir='ltr'><strong>est</strong></span> <span class='ocrx_word' id='word_1_100' title='bbox 1083 1802 1220 1871; x_wconf 79' lang='lat' dir='ltr'><strong>Tnorr.</strong></span> 
     </span>
    </p>
   </div>
   <div class='ocr_carea' id='block_1_11' title="bbox 33 1886 1223 2204">
    <p class='ocr_par' dir='ltr' id='par_1_12' title="bbox 33 1886 1223 2204">
     <span class='ocr_line' id='line_1_16' title="bbox 82 1886 1223 1987; baseline 0.012 -27"><span class='ocrx_word' id='word_1_101' title='bbox 82 1910 89 1919; x_wconf 86' lang='lat'><em>&#39;</em></span> <span class='ocrx_word' id='word_1_102' title='bbox 127 1896 335 1975; x_wconf 72' lang='lat' dir='ltr'><strong>hamme,</strong></span> <span class='ocrx_word' id='word_1_103' title='bbox 368 1887 436 1987; x_wconf 90' lang='lat' dir='ltr'><strong>qni</strong></span> <span class='ocrx_word' id='word_1_104' title='bbox 466 1886 689 1962; x_wconf 84' lang='lat' dir='ltr'><strong>Orationem</strong></span> <span class='ocrx_word' id='word_1_105' title='bbox 712 1888 858 1984; x_wconf 74' lang='lat' dir='ltr'><strong>Lipsiae</strong></span> <span class='ocrx_word' id='word_1_106' title='bbox 884 1889 996 1984; x_wconf 64' lang='lat'><strong>1698.</strong></span> <span class='ocrx_word' id='word_1_107' title='bbox 1024 1897 1166 1972; x_wconf 89' lang='lat' dir='ltr'><strong>habuit</strong></span> <span class='ocrx_word' id='word_1_108' title='bbox 1189 1924 1223 1974; x_wconf 79' lang='lat' dir='ltr'><strong>et</strong></span> 
     </span>
     <span class='ocr_line' id='line_1_17' title="bbox 33 1986 1222 2097; baseline 0.013 -38"><span class='ocrx_word' id='word_1_109' title='bbox 33 2042 36 2047; x_wconf 85' lang='lat'>-</span> <span class='ocrx_word' id='word_1_110' title='bbox 129 1986 255 2087; x_wconf 77' lang='lat' dir='ltr'><strong>postea</strong></span> <span class='ocrx_word' id='word_1_111' title='bbox 277 1988 373 2064; x_wconf 88' lang='lat' dir='ltr'><strong>iuris</strong></span> <span class='ocrx_word' id='word_1_112' title='bbox 398 1989 544 2088; x_wconf 90' lang='lat' dir='ltr'><strong>publici</strong></span> <span class='ocrx_word' id='word_1_113' title='bbox 569 1990 670 2075; x_wconf 86' lang='lat' dir='ltr'><strong>fecit,</strong></span> <span class='ocrx_word' id='word_1_114' title='bbox 694 2016 763 2088; x_wconf 84' lang='lat' dir='ltr'><strong>pro</strong></span> <span class='ocrx_word' id='word_1_115' title='bbox 786 1993 1020 2097; x_wconf 80' lang='lat' dir='ltr'><strong>10.Dallaei</strong></span> <span class='ocrx_word' id='word_1_116' title='bbox 1043 2002 1222 2074; x_wconf 80' lang='lat' dir='ltr'><strong>Tractatr</strong></span> 
     </span>
     <span class='ocr_line' id='line_1_18' title="bbox 91 2081 1223 2204; baseline 0.004 -43"><span class='ocrx_word' id='word_1_117' title='bbox 91 2120 95 2129; x_wconf 95' lang='lat'><em>·</em></span> <span class='ocrx_word' id='word_1_118' title='bbox 130 2092 177 2183; x_wconf 67' lang='lat' dir='ltr'><strong>de</strong></span> <span class='ocrx_word' id='word_1_119' title='bbox 199 2081 283 2188; x_wconf 87' lang='lat' dir='ltr'><strong>Usu</strong></span> <span class='ocrx_word' id='word_1_120' title='bbox 304 2094 464 2165; x_wconf 81' lang='lat' dir='ltr'><strong>Patrnrn</strong></span> <span class='ocrx_word' id='word_1_121' title='bbox 490 2093 576 2162; x_wconf 79' lang='lat' dir='ltr'><strong>adv.</strong></span> <span class='ocrx_word' id='word_1_122' title='bbox 602 2090 746 2162; x_wconf 80' lang='lat' dir='ltr'><strong>Matth.</strong></span> <span class='ocrx_word' id='word_1_123' title='bbox 764 2095 969 2165; x_wconf 82' lang='lat' dir='ltr'><strong>Scriveneri</strong></span> <span class='ocrx_word' id='word_1_124' title='bbox 993 2102 1223 2204; x_wconf 69' lang='lat' dir='ltr'><strong>Apologimn</strong></span> 
     </span>
    </p>
   </div>
   <div class='ocr_carea' id='block_1_12' title="bbox 116 2184 1225 2915">
    <p class='ocr_par' dir='ltr' id='par_1_13' title="bbox 116 2184 1225 2915">
     <span class='ocr_line' id='line_1_19' title="bbox 128 2184 1224 2293; baseline 0.017 -31"><span class='ocrx_word' id='word_1_125' title='bbox 128 2202 200 2290; x_wconf 79' lang='lat' dir='ltr'><strong>pra</strong></span> <span class='ocrx_word' id='word_1_126' title='bbox 219 2185 447 2293; x_wconf 67' lang='lat' dir='ltr'><strong>&amp;Ecclefiae</strong></span> <span class='ocrx_word' id='word_1_127' title='bbox 463 2191 648 2280; x_wconf 80' lang='lat' dir='ltr'><strong>Patribus,</strong></span> <span class='ocrx_word' id='word_1_128' title='bbox 667 2219 761 2290; x_wconf 90' lang='lat' dir='ltr'><strong>quae</strong></span> <span class='ocrx_word' id='word_1_129' title='bbox 778 2184 947 2265; x_wconf 72' lang='lat' dir='ltr'><strong>exstat&#39;in</strong></span> <span class='ocrx_word' id='word_1_130' title='bbox 968 2197 1224 2279; x_wconf 57' lang='lat' dir='ltr'><strong>eiusdem&amp;</strong></span> 
     </span>
     <span class='ocr_line' id='line_1_20' title="bbox 131 2294 1224 2394; baseline 0.015 -28"><span class='ocrx_word' id='word_1_131' title='bbox 131 2297 275 2367; x_wconf 83' lang='lat' dir='ltr'><strong>ercitat.</strong></span> <span class='ocrx_word' id='word_1_132' title='bbox 293 2294 458 2394; x_wconf 78' lang='lat' dir='ltr'><strong>theolog.</strong></span> <span class='ocrx_word' id='word_1_133' title='bbox 478 2296 645 2366; x_wconf 78' lang='lat' dir='ltr'><strong>Ennead.</strong></span> <span class='ocrx_word' id='word_1_134' title='bbox 664 2321 700 2391; x_wconf 89' lang='lat' dir='ltr'><strong>p.</strong></span> <span class='ocrx_word' id='word_1_135' title='bbox 726 2297 812 2367; x_wconf 66' lang='lat'><strong>740.</strong></span> <span class='ocrx_word' id='word_1_136' title='bbox 865 2302 908 2366; x_wconf 93' lang='lat' dir='ltr'><strong>In</strong></span> <span class='ocrx_word' id='word_1_137' title='bbox 928 2294 998 2372; x_wconf 83' lang='lat' dir='ltr'><strong>illa</strong></span> <span class='ocrx_word' id='word_1_138' title='bbox 1018 2303 1068 2375; x_wconf 86' lang='lat' dir='ltr'><strong>de</strong></span> <span class='ocrx_word' id='word_1_139' title='bbox 1085 2302 1224 2381; x_wconf 83' lang='lat' dir='ltr'><strong>Dallaei</strong></span> 
     </span>
     <span class='ocr_line' id='line_1_21' title="bbox 116 2382 1225 2511; baseline 0.014 -43"><span class='ocrx_word' id='word_1_140' title='bbox 116 2382 230 2468; x_wconf 83' lang='lat' dir='ltr'><strong>¹libro</strong></span> <span class='ocrx_word' id='word_1_141' title='bbox 256 2394 420 2482; x_wconf 85' lang='lat' dir='ltr'><strong>indicat,</strong></span> <span class='ocrx_word' id='word_1_142' title='bbox 470 2396 551 2469; x_wconf 91' lang='lat' dir='ltr'><strong>nod</strong></span> <span class='ocrx_word' id='word_1_143' title='bbox 575 2422 663 2467; x_wconf 88' lang='lat' dir='ltr'><strong>eum</strong></span> <span class='ocrx_word' id='word_1_144' title='bbox 687 2400 834 2467; x_wconf 82' lang='lat' dir='ltr'><strong>Auctor</strong></span> <span class='ocrx_word' id='word_1_145' title='bbox 850 2412 1116 2481; x_wconf 82' lang='lat' dir='ltr'><strong>concatenatis</strong></span> <span class='ocrx_word' id='word_1_146' title='bbox 1133 2398 1225 2511; x_wconf 64' lang='lat' dir='ltr'><strong>quaji</strong></span> 
     </span>
     <span class='ocr_line' id='line_1_22' title="bbox 129 2420 1225 2609; baseline 0.015 -43"><span class='ocrx_word' id='word_1_147' title='bbox 129 2495 338 2569; x_wconf 83' lang='lat' dir='ltr'><strong>rationibus</strong></span> <span class='ocrx_word' id='word_1_148' title='bbox 362 2501 417 2568; x_wconf 87' lang='lat' dir='ltr'><strong>ita</strong></span> <span class='ocrx_word' id='word_1_149' title='bbox 427 2420 697 2598; x_wconf 40' lang='lat' dir='ltr'><strong>intraverint</strong></span> <span class='ocrx_word' id='word_1_150' title='bbox 719 2522 785 2568; x_wconf 91' lang='lat' dir='ltr'><strong>con</strong></span> <span class='ocrx_word' id='word_1_151' title='bbox 802 2502 994 2590; x_wconf 76' lang='lat' dir='ltr'><strong>trinacrit,</strong></span> <span class='ocrx_word' id='word_1_152' title='bbox 1025 2525 1072 2579; x_wconf 85' lang='lat' dir='ltr'><strong>nt</strong></span> <span class='ocrx_word' id='word_1_153' title='bbox 1096 2536 1225 2609; x_wconf 81' lang='lat' dir='ltr'><strong>aequas</strong></span> 
     </span>
     <span class='ocr_line' id='line_1_23' title="bbox 130 2589 1225 2702; baseline 0.014 -34"><span class='ocrx_word' id='word_1_154' title='bbox 130 2624 255 2669; x_wconf 82' lang='lat' dir='ltr'><strong>rerum</strong></span> <span class='ocrx_word' id='word_1_155' title='bbox 278 2589 494 2694; x_wconf 77' lang='lat' dir='ltr'><strong>aestimator</strong></span> <span class='ocrx_word' id='word_1_156' title='bbox 516 2602 590 2669; x_wconf 84' lang='lat' dir='ltr'><strong>eius</strong></span> <span class='ocrx_word' id='word_1_157' title='bbox 602 2593 830 2702; x_wconf 82' lang='lat' dir='ltr'><strong>sententiam</strong></span> <span class='ocrx_word' id='word_1_158' title='bbox 847 2626 930 2672; x_wconf 84' lang='lat' dir='ltr'><strong>cum</strong></span> <span class='ocrx_word' id='word_1_159' title='bbox 951 2612 1125 2685; x_wconf 78' lang='lat' dir='ltr'><strong>veritate</strong></span> <span class='ocrx_word' id='word_1_160' title='bbox 1149 2638 1225 2687; x_wconf 76' lang='lat' dir='ltr'><strong>can·</strong></span> 
     </span>
     <span class='ocr_line' id='line_1_24' title="bbox 130 2690 1225 2798; baseline 0.021 -31"><span class='ocrx_word' id='word_1_161' title='bbox 130 2723 285 2798; x_wconf 77' lang='lat' dir='ltr'><strong>gruere,</strong></span> <span class='ocrx_word' id='word_1_162' title='bbox 316 2703 382 2771; x_wconf 77' lang='lat' dir='ltr'><strong>vim</strong></span> <span class='ocrx_word' id='word_1_163' title='bbox 411 2697 581 2772; x_wconf 82' lang='lat' dir='ltr'><strong>dubitare</strong></span> <span class='ocrx_word' id='word_1_164' title='bbox 614 2690 745 2797; x_wconf 71' lang='lat' dir='ltr'><strong>poffits</strong></span> <span class='ocrx_word' id='word_1_165' title='bbox 774 2702 818 2774; x_wconf 88' lang='lat' dir='ltr'><strong>de</strong></span> <span class='ocrx_word' id='word_1_166' title='bbox 851 2703 1072 2783; x_wconf 85' lang='lat' dir='ltr'><strong>adversario</strong></span> <span class='ocrx_word' id='word_1_167' title='bbox 1108 2734 1225 2789; x_wconf 85' lang='lat' dir='ltr'><strong>antem</strong></span> 
     </span>
     <span class='ocr_line' id='line_1_25' title="bbox 130 2798 1224 2915; baseline 0.011 -42"><span class='ocrx_word' id='word_1_168' title='bbox 130 2798 291 2884; x_wconf 87' lang='lat' dir='ltr'><strong>Dallaei,</strong></span> <span class='ocrx_word' id='word_1_169' title='bbox 310 2799 543 2886; x_wconf 83' lang='lat' dir='ltr'><strong>Scrivener0,</strong></span> <span class='ocrx_word' id='word_1_170' title='bbox 555 2804 791 2898; x_wconf 81' lang='lat' dir='ltr'><strong>pronuntiat,</strong></span> <span class='ocrx_word' id='word_1_171' title='bbox 802 2816 1224 2915; x_wconf 81' lang='lat' dir='ltr'><strong>enmmoreAnglorura</strong></span> 
     </span>
    </p>
   </div>
   <div class='ocr_carea' id='block_1_13' title="bbox 122 2895 1225 3105">
    <p class='ocr_par' dir='ltr' id='par_1_14' title="bbox 122 2895 1225 3105">
     <span class='ocr_line' id='line_1_26' title="bbox 179 2895 1225 3005; baseline 0.021 -34"><span class='ocrx_word' id='word_1_172' title='bbox 179 2895 393 3000; x_wconf 82' lang='lat' dir='ltr'><strong>iscopaliunz</strong></span> <span class='ocrx_word' id='word_1_173' title='bbox 403 2906 738 3002; x_wconf 78' lang='lat' dir='ltr'><strong>egregiepapizare</strong></span> <span class='ocrx_word' id='word_1_174' title='bbox 754 2918 870 2977; x_wconf 85' lang='lat' dir='ltr'><strong>etnon</strong></span> <span class='ocrx_word' id='word_1_175' title='bbox 880 2906 1225 3005; x_wconf 67' lang='lat' dir='ltr'><strong>Dallaeumnroda</strong></span> 
     </span>
     <span class='ocr_line' id='line_1_27' title="bbox 122 2927 1225 3105; baseline 0.017 -34"><span class='ocrx_word' id='word_1_176' title='bbox 122 2927 193 3103; x_wconf 55' lang='lat' dir='ltr'><strong>Za</strong></span> <span class='ocrx_word' id='word_1_177' title='bbox 217 3006 331 3073; x_wconf 86' lang='lat' dir='ltr'><strong>etiam</strong></span> <span class='ocrx_word' id='word_1_178' title='bbox 356 3028 494 3089; x_wconf 86' lang='lat' dir='ltr'><strong>omnes,</strong></span> <span class='ocrx_word' id='word_1_179' title='bbox 518 3027 676 3095; x_wconf 81' lang='lat' dir='ltr'><strong>qaorum</strong></span> <span class='ocrx_word' id='word_1_180' title='bbox 687 3001 789 3105; x_wconf 79' lang='lat' dir='ltr'><strong>fides</strong></span> <span class='ocrx_word' id='word_1_181' title='bbox 810 3010 973 3081; x_wconf 83' lang='lat' dir='ltr'><strong>Patrnrn</strong></span> <span class='ocrx_word' id='word_1_182' title='bbox 1000 3018 1145 3092; x_wconf 83' lang='lat' dir='ltr'><strong>iudicio</strong></span> <span class='ocrx_word' id='word_1_183' title='bbox 1163 3046 1225 3094; x_wconf 80' lang='lat' dir='ltr'><strong>noa</strong></span> 
     </span>
    </p>
   </div>
   <div class='ocr_carea' id='block_1_14' title="bbox 23 3094 1226 3204">
    <p class='ocr_par' dir='ltr' id='par_1_15' title="bbox 23 3094 1226 3204">
     <span class='ocr_line' id='line_1_28' title="bbox 23 3094 1226 3204; baseline 0.02 -33"><span class='ocrx_word' id='word_1_184' title='bbox 23 3158 31 3204; x_wconf 69' lang='lat'>;</span> <span class='ocrx_word' id='word_1_185' title='bbox 132 3107 313 3189; x_wconf 80' lang='lat' dir='ltr'><strong>innititur,</strong></span> <span class='ocrx_word' id='word_1_186' title='bbox 339 3094 895 3202; x_wconf 68' lang='lat' dir='ltr'><strong>altofupercilio&#39;contemnem</strong></span> <span class='ocrx_word' id='word_1_187' title='bbox 947 3115 1226 3197; x_wconf 72' lang='lat' dir='ltr'><strong>Defensoribnt</strong></span> 
     </span>
    </p>
   </div>
   <div class='ocr_carea' id='block_1_15' title="bbox 129 3203 1225 4026">
    <p class='ocr_par' dir='ltr' id='par_1_16' title="bbox 129 3203 1225 4026">
     <span class='ocr_line' id='line_1_29' title="bbox 131 3203 1225 3321; baseline 0.016 -44"><span class='ocrx_word' id='word_1_188' title='bbox 131 3203 280 3277; x_wconf 90' lang='lat' dir='ltr'><strong>Dallaei</strong></span> <span class='ocrx_word' id='word_1_189' title='bbox 296 3207 599 3280; x_wconf 87' lang='lat' dir='ltr'><strong>annumerandus</strong></span> <span class='ocrx_word' id='word_1_190' title='bbox 616 3230 770 3306; x_wconf 88' lang='lat' dir='ltr'><strong>qnoque</strong></span> <span class='ocrx_word' id='word_1_191' title='bbox 788 3206 898 3282; x_wconf 85' lang='lat' dir='ltr'><strong>estIo.</strong></span> <span class='ocrx_word' id='word_1_192' title='bbox 918 3218 1154 3309; x_wconf 75' lang='lat' dir='ltr'><strong>Crnnrcns,</strong></span> <span class='ocrx_word' id='word_1_193' title='bbox 1170 3221 1225 3321; x_wconf 88' lang='lat' dir='ltr'><strong>qni</strong></span> 
     </span>
     <span class='ocr_line' id='line_1_30' title="bbox 131 3307 1224 3407; baseline 0.021 -29"><span class='ocrx_word' id='word_1_194' title='bbox 131 3307 337 3380; x_wconf 83' lang='lat' dir='ltr'><strong>haedere</strong></span> <span class='ocrx_word' id='word_1_195' title='bbox 366 3333 453 3380; x_wconf 90' lang='lat' dir='ltr'><strong>cum</strong></span> <span class='ocrx_word' id='word_1_196' title='bbox 481 3313 537 3380; x_wconf 90' lang='lat' dir='ltr'><strong>W.</strong></span> <span class='ocrx_word' id='word_1_197' title='bbox 566 3312 688 3381; x_wconf 86' lang='lat' dir='ltr'><strong>Cavea</strong></span> <span class='ocrx_word' id='word_1_198' title='bbox 715 3310 929 3407; x_wconf 86' lang='lat' dir='ltr'><strong>disputavit.</strong></span> <span class='ocrx_word' id='word_1_199' title='bbox 985 3316 1095 3396; x_wconf 76' lang='lat' dir='ltr'><strong>Liris</strong></span> <span class='ocrx_word' id='word_1_200' title='bbox 1120 3325 1224 3400; x_wconf 76' lang='lat' dir='ltr'><strong>huius</strong></span> 
     </span>
     <span class='ocr_line' id='line_1_31' title="bbox 131 3406 1224 3506; baseline 0.018 -28"><span class='ocrx_word' id='word_1_201' title='bbox 131 3430 252 3504; x_wconf 87' lang='lat' dir='ltr'><strong>quum</strong></span> <span class='ocrx_word' id='word_1_202' title='bbox 267 3406 345 3481; x_wconf 89' lang='lat' dir='ltr'><strong>iam</strong></span> <span class='ocrx_word' id='word_1_203' title='bbox 363 3428 468 3482; x_wconf 87' lang='lat' dir='ltr'><strong>antea</strong></span> <span class='ocrx_word' id='word_1_204' title='bbox 487 3411 519 3498; x_wconf 91' lang='lat'><strong>§.</strong></span> <span class='ocrx_word' id='word_1_205' title='bbox 531 3407 592 3482; x_wconf 87' lang='lat'><strong>61.</strong></span> <span class='ocrx_word' id='word_1_206' title='bbox 610 3410 845 3485; x_wconf 86' lang='lat' dir='ltr'><strong>mentionem</strong></span> <span class='ocrx_word' id='word_1_207' title='bbox 859 3412 1036 3506; x_wconf 85' lang='lat' dir='ltr'><strong>fecimus,</strong></span> <span class='ocrx_word' id='word_1_208' title='bbox 1059 3421 1141 3500; x_wconf 91' lang='lat' dir='ltr'><strong>iam</strong></span> <span class='ocrx_word' id='word_1_209' title='bbox 1159 3454 1224 3501; x_wconf 83' lang='lat' dir='ltr'><strong>me·</strong></span> 
     </span>
     <span class='ocr_line' id='line_1_32' title="bbox 130 3507 1223 3631; baseline 0.016 -52"><span class='ocrx_word' id='word_1_210' title='bbox 130 3507 467 3599; x_wconf 81' lang='lat' dir='ltr'><strong>moraffesufficiat,</strong></span> <span class='ocrx_word' id='word_1_211' title='bbox 487 3509 673 3585; x_wconf 82' lang='lat' dir='ltr'><strong>Clericnm</strong></span> <span class='ocrx_word' id='word_1_212' title='bbox 691 3514 1223 3631; x_wconf 77' lang='lat' dir='ltr'><strong>deScnrvnnnmApologia,</strong></span> 
     </span>
     <span class='ocr_line' id='line_1_33' title="bbox 129 3611 1223 3713; baseline 0.02 -33"><span class='ocrx_word' id='word_1_213' title='bbox 129 3612 289 3682; x_wconf 88' lang='lat' dir='ltr'><strong>Dallaeo</strong></span> <span class='ocrx_word' id='word_1_214' title='bbox 316 3611 506 3708; x_wconf 84' lang='lat' dir='ltr'><strong>oppalita,</strong></span> <span class='ocrx_word' id='word_1_215' title='bbox 534 3613 631 3687; x_wconf 89' lang='lat' dir='ltr'><strong>hanc</strong></span> <span class='ocrx_word' id='word_1_216' title='bbox 655 3612 877 3690; x_wconf 86' lang='lat' dir='ltr'><strong>sententiam</strong></span> <span class='ocrx_word' id='word_1_217' title='bbox 903 3629 1223 3713; x_wconf 79' lang='lat' dir='ltr'><strong>pronuntiaflcin</strong></span> 
     </span>
     <span class='ocr_line' id='line_1_34' title="bbox 131 3703 1222 3828; baseline 0.02 -46"><span class='ocrx_word' id='word_1_218' title='bbox 131 3703 248 3809; x_wconf 81' lang='lat' dir='ltr'><strong>Epist.</strong></span> <span class='ocrx_word' id='word_1_219' title='bbox 268 3717 344 3783; x_wconf 85' lang='lat' dir='ltr'><strong>crit.</strong></span> <span class='ocrx_word' id='word_1_220' title='bbox 363 3714 411 3797; x_wconf 72' lang='lat'><strong>4,</strong></span> <span class='ocrx_word' id='word_1_221' title='bbox 430 3712 472 3787; x_wconf 90' lang='lat' dir='ltr'><strong>in</strong></span> <span class='ocrx_word' id='word_1_222' title='bbox 493 3717 588 3788; x_wconf 82' lang='lat' dir='ltr'><strong>Arte</strong></span> <span class='ocrx_word' id='word_1_223' title='bbox 604 3721 681 3788; x_wconf 84' lang='lat' dir='ltr'><strong>erit.</strong></span> <span class='ocrx_word' id='word_1_224' title='bbox 694 3724 757 3802; x_wconf 89' lang='lat' dir='ltr'><strong>III,</strong></span> <span class='ocrx_word' id='word_1_225' title='bbox 776 3718 859 3792; x_wconf 77' lang='lat'><strong>98.:</strong></span> <span class='ocrx_word' id='word_1_226' title='bbox 891 3723 990 3808; x_wconf 85' lang='lat' dir='ltr'><strong>Scio,</strong></span> <span class='ocrx_word' id='word_1_227' title='bbox 1010 3721 1085 3828; x_wconf 77' lang='lat' dir='ltr'><strong>effe</strong></span> <span class='ocrx_word' id='word_1_228' title='bbox 1103 3724 1222 3827; x_wconf 73' lang='lat' dir='ltr'><strong>confu-</strong></span> 
     </span>
     <span class='ocr_line' id='line_1_35' title="bbox 132 3813 1222 3915; baseline 0.019 -33"><span class='ocrx_word' id='word_1_229' title='bbox 132 3827 268 3900; x_wconf 81' lang='lat' dir='ltr'><strong>tatum,</strong></span> <span class='ocrx_word' id='word_1_230' title='bbox 293 3813 439 3887; x_wconf 85' lang='lat' dir='ltr'><strong>Dallaei</strong></span> <span class='ocrx_word' id='word_1_231' title='bbox 465 3842 581 3912; x_wconf 91' lang='lat' dir='ltr'><strong>opus,</strong></span> <span class='ocrx_word' id='word_1_232' title='bbox 606 3820 745 3915; x_wconf 88' lang='lat' dir='ltr'><strong>dequo</strong></span> <span class='ocrx_word' id='word_1_233' title='bbox 763 3819 959 3915; x_wconf 87' lang='lat' dir='ltr'><strong>loquitur,</strong></span> <span class='ocrx_word' id='word_1_234' title='bbox 984 3853 1008 3896; x_wconf 92' lang='lat' dir='ltr'><strong>a</strong></span> <span class='ocrx_word' id='word_1_235' title='bbox 1025 3835 1222 3905; x_wconf 74' lang='lat' dir='ltr'><strong>Mattiaco</strong></span> 
     </span>
     <span class='ocr_line' id='line_1_36' title="bbox 131 3907 1221 4026; baseline 0.019 -42"><span class='ocrx_word' id='word_1_236' title='bbox 131 3918 359 4004; x_wconf 76' lang='lat' dir='ltr'><strong>Scrivenero,</strong></span> <span class='ocrx_word' id='word_1_237' title='bbox 383 3907 567 4014; x_wconf 67' lang='lat' dir='ltr'><strong>Ecclefiae</strong></span> <span class='ocrx_word' id='word_1_238' title='bbox 587 3922 827 4021; x_wconf 76' lang='lat' dir='ltr'><strong>Angiicanae</strong></span> <span class='ocrx_word' id='word_1_239' title='bbox 846 3923 1104 4026; x_wconf 63' lang='lat' dir='ltr'><strong>Presbytero,</strong></span> <span class='ocrx_word' id='word_1_240' title='bbox 1132 3952 1172 4007; x_wconf 88' lang='lat' dir='ltr'><strong>at</strong></span> <span class='ocrx_word' id='word_1_241' title='bbox 1187 3960 1221 4006; x_wconf 80' lang='lat' dir='ltr'><strong>ea</strong></span> 
     </span>
    </p>
   </div>
   <div class='ocr_carea' id='block_1_16' title="bbox 162 4142 781 4220">
    <p class='ocr_par' dir='ltr' id='par_1_17' title="bbox 162 4142 781 4220">
     <span class='ocr_line' id='line_1_37' title="bbox 162 4142 781 4220; baseline 0.018 -23"><span class='ocrx_word' id='word_1_242' title='bbox 162 4146 190 4211; x_wconf 69' lang='lat'><strong>⁶)</strong></span> <span class='ocrx_word' id='word_1_243' title='bbox 208 4142 242 4201; x_wconf 88' lang='lat' dir='ltr'><strong>ln</strong></span> <span class='ocrx_word' id='word_1_244' title='bbox 263 4142 419 4210; x_wconf 73' lang='lat' dir='ltr'><strong>Wadin&#39;is,</strong></span> <span class='ocrx_word' id='word_1_245' title='bbox 440 4144 565 4219; x_wconf 77' lang='lat' dir='ltr'><strong>Opnscc.</strong></span> <span class='ocrx_word' id='word_1_246' title='bbox 578 4148 661 4220; x_wconf 83' lang='lat' dir='ltr'><strong>sacr.</strong></span> <span class='ocrx_word' id='word_1_247' title='bbox 679 4149 702 4219; x_wconf 91' lang='lat'><strong>1,</strong></span> <span class='ocrx_word' id='word_1_248' title='bbox 720 4154 781 4210; x_wconf 78' lang='lat'><strong><em>663.</em></strong></span> 
     </span>
    </p>
   </div>
   <div class='ocr_carea' id='block_1_17' title="bbox 0 0 1281 4724">
    <p class='ocr_par' dir='ltr' id='par_1_18' title="bbox 0 0 1281 4724">
     <span class='ocr_line' id='line_1_38' title="bbox 0 0 1281 4724; baseline 0 0"><span class='ocrx_word' id='word_1_249' title='bbox 0 0 1281 4724; x_wconf 95' lang='lat' dir='ltr'><strong> </strong></span> 
     </span>
    </p>
   </div>
  </div>
 </body>
</html>
