2542 4724
385 300 473 377 er
502 322 538 375 ι.
562 308 656 413 ,νη
700 280 744 395 ’5.
777 305 839 375 72.
1085 303 1164 397 433Ι

60 488 154 565 usus
184 482 237 561 est
262 486 445 561 scribendi
471 490 637 573 ratione,
677 510 721 561 ut
745 489 780 561 se
803 491 923 590 magia
952 471 1161 581 Oratorem,
1253 519 1258 527 ·

61 616 179 689 quam
190 586 421 662 Historicum
431 590 624 661 interdum
633 592 834 686 praeberet.
861 592 1046 665 Addimus
1059 601 1160 667 Pan·

62 714 238 765 Lamum
257 692 307 761 ob
324 691 482 761 Librum
506 692 551 761 de
565 692 736 789 gentibus
750 696 882 765 Indiae
898 709 935 765 ct
951 696 1158 767 Brachma-

59 792 189 879 nibus,
220 793 287 889 qui
303 784 379 887 'ipsi
404 792 601 864 tribuitur:
628 794 691 863 alii
713 814 858 879 autem,
886 794 1007 867 finon
1028 796 1161 871 diserte

59 912 225 1069 neganltl,
259 893 434 967 dubitant
458 911 605 981 tamen,
622 919 728 1015 Seum
752 896 870 969 libelli
890 897 1003 970 huius
1030 916 1159 971 aucto·
1244 990 1250 1003 Ι

59 1022 143 1071 rem
163 1022 183 1071 e
212 1020 243 1069 e.

545 1184 580 1274 §.
614 1184 676 1257 72.

165 1348 416 1427 Vocabulum
435 1344 623 1452 Historiae
639 1352 762 1443 silate
776 1350 965 1441 sumatur,
986 1356 1159 1453 Antiqui·

61 1470 163 1529 tates
189 1478 353 1551 quoque
376 1452 444 1526 illa
470 1454 771 1571 complectitur,
798 1456 990 1527 Veterum
1008 1457 1157 1555 quippe

60 1556 189 1644 ritus,
224 1568 404 1655 receptas
430 1554 575 1652 agendi
603 1556 779 1629 rationes
811 1578 1029 1650 moresque
1054 1558 1157 1629 varii

64 1652 293 1751 diversique
314 1656 487 1753 generis,
516 1653 596 1729 sive
614 1656 707 1731 illae
732 1654 806 1728 smt
821 1653 965 1741 sacrae,
987 1653 1075 1729 'slve
1102 1657 1158 1731 ci-

64 1756 170 1831 viles
191 1778 237 1853 ac
281 1754 448 1842 oliticae,
477 1753 557 1855 slve
577 1752 829 1845 domesticae,
855 1752 1060 1855 speciatim
1081 1758 1170 1851 mi·,

62 1858 217 1947 litares,
243 1783 458 1931 litterariae
476 1857 666 1955 aliaeque.
711 1857 1002 1955 Antiquitatum
1018 1856 1160 1933 huius·

35 1988 47 1998 ·
61 1956 181 2033 modi
198 1983 282 2031 non
296 1956 418 2031 rudes
438 1954 553 2031 fuisse
570 1972 729 2033 veteres
745 1954 942 2031 Ecclesiae
958 1962 1093 2033 Patres
1111 1982 1157 2035 ac

62 2060 282 2149 Doctores,
308 2055 451 2159 scripta
467 2056 632 2132 illorum
647 2052 880 2132 monstrant.

168 2194 380 2294 Diligenter
395 2196 641 2293 antiquorum
658 2192 951 2268 Christianorum
969 2203 1157 2273 Doctores
1205 2188 1208 2195 ¹

65 2300 107 2373 in
128 2299 390 2371 monumentis
410 2301 643 2395 Scriptorum
669 2293 1009 2392 superstitiosorum
1031 2301 1156 2397 legen-

66 2402 125 2473 dir
144 2396 281 2473 versati
296 2400 382 2471 lunt
398 2419 510 2493 atque
526 2427 571 2472 ex
589 2392 824 2495 illiapraeter
840 2396 929 2469 aliar
946 2401 1159 2481 litterarum

67 2502 283 2599 dieciplinaa
308 2502 487 2572 notitiam
512 2522 662 2597 quoque
687 2498 955 2593 antiquitatum
980 2500 1156 2601 profana·

65 2628 154 2677 rum
179 2600 391 2675 hauserunt.
446 2609 571 2699 Quum
598 2604 796 2674 acerrimus
823 2598 1008 2675 christiani
1031 2606 1157 2675 nomi·
1230 2668 1239 2677 .

65 2708 124 2779 nia
142 2700 261 2777 hostis
279 2706 448 2776 Iulianus
474 2702 783 2775 animadverteret
810 2726 852 2773 ac
875 2704 994 2797 probe
1018 2704 1157 2777 intelli-

66 2824 191 2907 geret,
218 2802 350 2877 Christi
367 2804 582 2889 sectatores,
608 2804 744 2877 litteris
763 2802 951 2886 addictos,
987 2831 1033 2877 ex
1049 2806 1156 2879 libris

65 2932 304 3007 paganorum
320 2926 518 2978 auctorum
535 2907 721 3003 acquirere
738 2902 804 2975 fibi
834 2906 1084 2977 eruditionem
1101 2906 1157 2978 atss

66 3034 142 3105 que
161 3008 375 3079 adiumenta
394 3007 555 3093 sumere,
583 3034 670 3080 curu
687 3005 950 3099 antiquitatem
964 3031 1006 3078 ac
1021 3010 1156 3081 verita·

65 3128 145 3183 tem
164 3106 403 3181 sanctissimae
428 3108 643 3206 religionis,
679 3124 761 3178 tum
785 3109 995 3178 novitatem
1013 3109 1156 3181 vanita-

66 3228 221 3307 temque
236 3210 386 3309 gentilis
406 3206 597 3283 doctrinae
615 3206 867 3292 monstrandi,
894 3211 1038 3279 nullam
1060 3234 1156 3282 acer·

66 3312 216 3385 biorcm
230 3306 469 3407 putavitfore
483 3312 732 3393 vexationem,
746 3333 869 3404 neque
886 3307 1158 3405 expeditiorem

66 3414 170 3499 viam
184 3412 232 3485 ad
249 3412 348 3485 sacra
374 3410 567 3485 christiana
586 3413 794 3495 evertenda,
828 3436 940 3505 quam
963 3406 992 3481 st
1015 3436 1037 3482 a
1060 3413 1158 3485 litte·
1247 3438 1251 3443 ·

67 3538 195 3589 rarum
211 3510 340 3587 studiis
352 3533 463 3611 atque
480 3540 500 3585 a
516 3516 679 3586 lectione
693 3512 943 3608 profanorum
959 3530 1159 3589 ariolorum

68 3612 266 3689 Christiani
286 3635 509 3687 arcerentur.
563 3616 675 3711 Quod
692 3614 967 3711 promulgarit,
993 3611 1159 3689 edictum

65 3734 258 3791 memorat
276 3720 465 3789 sinemus
494 3708 584 3812 nist.
609 3714 692 3789 eccl.
711 3722 753 3787 L.
771 3720 799 3785 1.
818 3719 905 3811 Cap.
923 3714 983 3787 32.
1006 3716 1063 3785 his
1079 3743 1159 3789 ver·

65 3816 148 3897 bia:
184 3818 353 3889 lulianus
366 3810 496 3915 studia
514 3828 708 3889 auctorum
723 3818 919 3915 gentilium
936 3802 1160 3907 Chrifiio‘nos

64 3920 177 3991 adire
190 3916 399 4015 prohibens,
425 3920 533 3990 lrtdos
551 3920 759 3991 litterarum
776 3918 845 3987 illis
852 3912 956 4017 sosia,
978 3922 1040 4009 qni
1055 3925 1160 3991 Deos

61 4026 247 4115 Deosque
264 4036 546 4108 venerarentur,
585 4034 714 4115 potere
735 4020 905 4089 decernit.
957 4016 1160 4091 Assentitur

61 4128 283 4197 §ocurrer
298 4108 393 4221 Hisi.
413 4124 497 4197 eccl.
516 4130 560 4198 1..
572 4128 637 4199 111.
658 4118 1031 4297 Cap.122.81licitque;
1058 4126 1160 4221 Lege
