2542 4724
117 311 193 388 376
400 298 405 313 ’
452 314 690 383 CanVI.
742 309 866 400 §.63.

412 500 680 575 Basrmusa
708 498 931 594 Magnumt

223 622 391 734 Dssert„
418 658 493 727 qun
509 632 729 727 expenditur
747 628 892 702 celebris
917 632 1018 703 locus
1036 634 1075 703 S.
1092 624 1222 731 Bafilii

123 737 265 834 Magni
290 734 334 805 de
357 724 584 829 Proceffione
607 734 766 829 Spiritus
794 732 831 803 S.
864 760 889 803 c
909 732 1026 804 Patre
1041 733 1220 829 Filioque,

123 842 202 908 Par.
222 835 329 907 1721.
360 832 428 906 fol.
489 839 638 917 Locus,
675 834 824 930 dequo
855 832 1088 931 disputatur,
1123 859 1221 907 num

125 960 323 1035 germanus
339 936 404 1007 ille
422 931 484 1020 fit,
520 960 590 1007 nec
605 932 682 1005 ne?
712 936 852 1033 legitur
867 936 907 1006 in
925 934 1114 1032 principio
1130 934 1221 1007 libri

125 1038 228 1111 tertii
252 1043 416 1109 Bastmt
445 1050 575 1107 contro
599 1039 836 1108 Eunomium.
890 1042 1017 1133 Quum
1033 1036 1067 1109 is
1084 1037 1126 1107 in
1145 1042 1220 1109 Co·

46 1134 49 1139 ’
126 1138 270 1210 dicibus
295 1163 410 1211 manu
430 1135 588 1210 exaratis
604 1136 707 1207 haud
727 1134 860 1225 exstat,
896 1137 1025 1210 necin
1047 1138 1125 1209 ulla
1140 1134 1221 1210 fere

127 1238 295 1313 editione
311 1239 487 1322 habetur,
513 1233 668 1329 natalest
685 1262 790 1311 exeo
811 1238 998 1312 dubitatio
1019 1238 1065 1311 de
1083 1237 1159 1311 fide
1175 1240 1219 1309 it·

125 1341 199 1413 lius
216 1359 328 1435 atque
347 1338 578 1412 auctoritate.
596 1334 632 1436 *)
1069 1426 1072 1433 Ι

227 1447 354 1513 Lettre
381 1440 407 1511 ὰ
424 1442 603 1511 l'Auteur
620 1441 665 1513 de
688 1442 850 1515 l'article
868 1441 918 1516 99
934 1442 996 1512 des
1012 1440 1221 1514 Me‘moires

71 1530 77 1535 ’
124 1546 171 1615 cie
194 1548 366 1614 Treuonz
380 1539 516 1613 Decbr.
539 1535 727 1643 1721.sur
742 1570 791 1613 un
805 1535 961 1644 paffage
977 1542 1024 1613 de
1040 1547 1080 1619 ,8.
1098 1536 1224 1644 Rustic

115 1638 184 1745 fiir
212 1646 249 1714 la
271 1634 476 1739 Proceffion
502 1643 552 1713 du
568 1647 607 1714 S.
624 1637 774 1741 Esprit5
806 1646 848 1716 in
872 1646 1139 1716 continuativa
1156 1644 1223 1717 des

106 1746 328 1821 'Memoiret
344 1747 388 1818 cle
406 1743 561 1817 litterot.
578 1750 633 1830 X,
651 1745 737 1821 391.

345 1906 669 1973 ancontuns
696 1902 1001 1974 Nazianzenum:

125 2025 174 2097 ad
199 2050 311 2121 quem
333 2028 523 2123 pertinent
540 2022 763 2102 scholiastae
787 2029 910 2129 graeci
929 2029 970 2100 in
993 2028 1096 2101 varia
1114 2026 1224 2101 illius

125 2127 280 2233 scripta,
307 2128 422 2225 inque
440 2130 581 2215 horum
595 2153 756 2203 numero
768 2129 882 2215 sunt:

225 2254 424 2332 Nouuus,
461 2248 566 2321 cuius
595 2242 736 2319 exstant
765 2238 1023 2343 Eupofitiones
1048 2238 1223 2347 historia-

125 2375 227 2433 rum,
266 2375 424 2444 quarum
439 2350 701 2422 Nazianzenus
722 2367 879 2445 utraque
896 2351 935 2420 in
953 2351 1148 2423 Iulianum
1164 2352 1226 2424 in·

127 2452 271 2523 vectiva
281 2451 466 2523 meminit.
504 2457 661 2523 Graecae
678 2451 798 2523 editae
815 2451 1075 2525 [untalans.
1093 2458 1225 2527 Mou-

128 2574 334 2636 racurto,
377 2554 647 2623 Etonae1710.
673 2549 732 2636 lt,
766 2553 882 2624 latine
911 2570 1038 2625 autem
1067 2571 1225 2627 tantum

127 2677 172 2723 ex
193 2658 270 2723 Iac.
296 2652 396 2722 Billii
416 2650 585 2724 versione
611 2654 646 2724 le
675 2672 791 2725 untur
813 2656 853 2725 in
872 2653 1041 2727 editione
1056 2656 1224 2729 Nazian-

127 2754 214 2823 zeni
228 2751 414 2827 Parifienfi
431 2778 473 2825 ac
488 2678 672 2850 Lipfienti
682 2759 735 2840 Π,
757 2752 843 2830 499.
977 2822 983 2833 .

103 2850 109 2856 ’
227 2860 456 2941 Maxnnus,
482 2856 696 2927 Monachus
713 2873 750 2926 et
765 2856 901 2943 Abbas,
929 2846 1126 2931 Confess'oi
1142 2884 1223 2931 me·

130 2954 288 3027 diosec.
307 2956 385 3027 VII.
404 2958 544 3042 clarus,
582 2956 649 3052 qui
664 2954 705 3026 in
721 2955 935 3058 Ambiguae,
953 2952 987 3059 s
1006 2960 1108 3031 locos
1125 2948 1223 3055 diffi-

130 3056 225 3140 ciles,
240 3057 403 3152 plurium
418 3060 649 3129 Nazianzeni
667 3055 889 3130 Orationem
905 3087 950 3132 ac
968 3064 1224 3155 quorumdam

129 3160 346 3229 Canninum
351 3150 536 3258 fusiorem
552 3158 855 3254 explanationem
869 3159 1020 3258 scripfit,
1043 3162 1092 3235 ad
1107 3167 1225 3237 Ioan-

125 3284 235 3345 nem,
271 3258 441 3355 Archiep.
461 3260 700 3354 Cyzicenum.
762 3267 905 3362 Magna
928 3263 1031 3335 illius
1054 3288 1141 3360 pars
1165 3266 1224 3339 la·

33 3356 36 3361 ’
127 3359 208 3433 tine
231 3360 333 3432 versa
358 3358 407 3433 est
431 3385 452 3432 a
479 3368 536 3433 Io.
554 3366 666 3433 Scoto
684 3365 850 3460 Erigena
869 3389 912 3436 ac
937 3390 966 3435 c.
984 3367 1092 3437 Secti
1104 3366 1222 3441 huius

125 3461 231 3635 {ibris
248 3466 290 3535 V.
311 3462 357 3534 de
375 3454 564 3562 Diuifione
578 3476 737 3533 naturae
761 3464 921 3561 prodiit,
957 3469 1088 3539 Oxou.
1108 3466 1221 3544 1681.

145 3565 196 3634 ol.

226 3670 350 3739 Ecras
372 3656 558 3761 Cretenfis‚
581 3665 647 3763 qui
667 3660 962 3741 Commentarios
976 3666 1017 3739 in
1035 3668 1223 3764 quasdam

124 3766 355 3937 Naffianzdeni
380 3767 575 3842 Orationes
601 3768 833 3865 composuit,
864 3771 993 3843 'latine
1019 3788 1176 3845 tantum
1204 3798 1223 3844 a

125 3866 170 3937 Bi
201 3869 276 3939 ioe
304 3868 392 3942 itos.

127 4024 331 4039 ,ῳ

158 4114 184 4170 ⁰)
202 4108 293 4163 Μόνη.
311 4110 347 4165 da
366 4110 511 4166 Treuoux
525 4130 552 4167 a.
569 4118 644 4172 1721.
661 4114 732 4169 Der.
748 4137 769 4193 p
794 4122 870 4177 m.
903 4116 1032 4175 tamma
1048 4133 1077 4173 υ.
1095 4118 1180 4173 alten
1194 4136 1224 4173 u.

190 4192 291 4237 neuen
307 4177 437 4253 theolog.
454 4180 567 4237 Sashen
586 4200 614 4239 a.
630 4188 704 4242 1721.
720 4204 750 4261 p.
766 4190 827 4245 783.
