2542 4724
87 287 206 368 384.
420 270 669 365 cinon.
723 295 758 387 ς.
785 292 870 381 sur·

62 542 65 551 .
188 483 295 549 Lon.
320 480 522 549 Bomio
544 470 708 579 DeJense
732 480 794 550 des
808 473 1011 579 sentimeus
1033 483 1079 554 de
1103 485 1181 555 La·

87 568 292 678 ctoricesur
308 578 342 647 le
353 569 455 677 sujet
468 579 515 649 de
531 575 703 681 l'Usure‚
728 594 854 653 contre
869 574 909 653 lu
926 576 1071 684 censure
1083 587 1179 658 d’un

85 671 257 777 Ministro
288 680 333 750 de
360 679 398 747 lu
424 680 581 777 religion
605 682 809 776 pre'tendue
841 673 1049 779 resumis,
1091 692 1177 759 Pur.

85 781 198 857 1671.
224 779 314 853 12*
654 820 659 827 ·

187 781 397 959 Auouim
423 873 519 982 Obffi
543 886 581 952 in
596 876 900 984 Differtutionem
920 889 966 959 de
987 885 1180 961 Mortibus

22 1016 28 1025 ·
85 978 418 1088 Persequutorums
458 984 501 1055 in
524 987 682 1056 Miscell.
711 981 918 1086 observatu
952 993 989 1059 in
1017 992 1178 1063 Auctor.

86 1092 149 1175 lv,
176 1088 236 1163 31.
312 1086 315 1093 ’
557 1134 564 1147 ·

187 1195 244 1277 Io.
262 1194 387 1261 Dius.
404 1194 663 1263 Wrucuuum
688 1189 993 1292 Philologemutu
1009 1195 1179 1265 Luctun-

86 1298 195 1365 tionu
211 1285 342 1392 fauo,
375 1294 489 1363 variis
513 1292 600 1363 loeis
624 1308 704 1362 tum
718 1285 820 1393 sueri
841 1294 967 1365 Codici
990 1284 1182 1390 illustran-

86 1397 162 1480 dis,
198 1408 278 1464 tum
296 1396 486 1463 Luctantii
502 1394 732 1488 explicandis
753 1396 1051 1493 corrigendisque
1064 1390 1181 1495 inser·

84 1500 242 1580 vientiu,
265 1501 423 1567 Brunsv.
446 1490 555 1568 1754.
583 1496 619 1568 8.
634 1494 694 1583 **)

184 1600 407 1692 Apparatus
423 1596 475 1665 od
484 1619 622 1666 novum
637 1600 680 1666 L.
695 1596 808 1671 Coelii
816 1602 996 1671 Firmioni
1009 1602 1181 1675 Lactan-

84 1704 129 1770 tii
147 1701 312 1793 Operum
327 1698 534 1782 editionem,
562 1723 638 1766 unu
653 1722 683 1769 c.
698 1698 938 1795 praefatione
953 1702 1128 1800 generali
1139 1717 1179 1775 et

84 1798 231 1871 duabus
244 1790 551 1899 differtononiirus
564 1803 771 1895 praecipuis
786 1804 823 1870 in
830 1795 1018 1900 specimen
1034 1816 1179 1873 ceteru-

81 1927 190 1985 rum‚
224 1905 336 1972 Rom.
355 1896 463 1973 1751.
482 1896 520 1970 11.
574 1902 719 1973 Auctor
734 1897 784 1973 est
800 1903 968 1974 Eduard.
993 1930 1019 1975 a
1034 1906 1073 1974 S.
1096 1906 1181 1977 Xu-

80 2005 194 2075 verio.
212 1999 289 2095 **J)

327 2108 625 2176 Suuoiciuin
653 2111 924 2180 Snvzuuru:

185 2246 285 2314 Cau.
308 2245 524 2312 Sennium
540 2238 770 2313 Bibliotheca
788 2232 961 2340 historiae
965 2237 1103 2344 sacrae
1119 2248 1172 2315 V.

89 2342 134 2415 Τ.
149 2336 177 2441 s
193 2344 489 2417 Exercitationes
503 2332 695 2438 lristoricue
711 2347 748 2413 in
758 2347 795 2415 S.
805 2347 1040 2440 Scriptorum
1057 2360 1095 2417 et
1108 2350 1173 2417 Io·

72 2441 251 2547 sophum,
285 2471 352 2540 per
376 2442 529 2513 modum
549 2447 814 2515 Commentarii
837 2447 874 2515 in
900 2437 1092 2543 historiam
1104 2446 1174 2547 Ja-

84 2573 188 2619 crum
202 2547 354 2641 Sulpicii
372 2548 513 2628 Seueri,
541 2548 695 2641 Franeq.
714 2544 823 2618 1662.
848 2550 894 2617 Π.
923 2546 990 2619 fol.

183 2652 391 2720 Asuuium
418 2650 489 2740 Ep.
516 2646 561 2715 de
584 2670 682 2716 nova
701 2650 824 2718 Seueri
841 2648 992 2744 Sulpicii
1013 2650 1171 2721 editione

83 2749 326 2831 adornanda,
373 2773 448 2816 unu
477 2772 505 2818 e.
529 2740 813 2847 Differtatione,
854 2753 891 2819 in
916 2776 990 2844 qua
1015 2750 1171 2827 Severus

83 2852 267 2946 Sulpicius
281 2853 425 2943 eiusque
435 2841 576 2945 scriptu
586 2847 635 2918 ab
650 2873 771 2920 errore
785 2850 1174 2925 Millenariorumoiu·

82 2954 263 3023 dicuntur.
316 2950 508 3035 Accedunt
526 2953 715 3019 vuriuntes
738 2950 881 3045 aliquot
898 2953 1090 3039 lectiones,
1125 2974 1181 3025 et:

82 3046 263 3154 antiquiff.
285 3054 400 3122 Codd.
421 3054 463 3120 V
461 3046 619 3149 cronenl.
640 3066 675 3121 et
690 3052 771 3122 aliis
784 3048 918 3152 Mjptis
936 3056 1183 3149 depromtucs

79 3156 121 3227 in
139 3156 321 3225 Ruccolto
340 3155 372 3223 d'
395 3146 739 3251 Opuscoliscicntif.
759 3150 937 3254 ejilolog.
955 3160 1088 3239 XVIII,
1105 3154 1186 3229 69.

181 3263 424 3328 Honruusu
445 3254 645 3351 Spicilcgiu
663 3258 709 3323 II
735 3249 994 3352 Observatum
1017 3256 1193 3352 Sulpicii

82 3363 204 3431 Severi
222 3347 315 3448 Hist.
333 3349 505 3451 sacronu
545 3357 585 3425 in
609 3359 641 3425 Ι.
672 3358 787 3426 Dan.
811 3382 845 3427 o.
871 3352 1035 3428 Hoven
1058 3360 1191 3429 Corru-

79 3453 224 3562 perfia,
252 3454 364 3529 Amst.
385 3457 494 3529 1770.
519 3452 555 3527 1.

424 3616 819 3682 Hucuouuuiuru:

182 3745 437 3809 Hmuoxim
467 3741 537 3831 Ep.
561 3739 611 3805 ud
633 3737 844 3845 Magnum,
884 3742 1084 3808 Oratorem
1107 3758 1177 3807 ur·

81 3839 136 3912 bis
153 3846 315 3921 Rornae,
352 3838 548 3908 emendato
576 3852 610 3907 ct
633 3840 813 3936 illustrato
832 3867 855 3909 u
878 3838 1018 3934 Clrplr.
1044 3843 1084 3911 A
1094 3866 1115 3909 u
1130 3858 1171 3931 g·

82 3996 291 4012 ..μ’

114 4091 141 4152 ·)
161 4086 273 4139 Puuii
292 4084 365 4139 limi.
385 4082 594 4136 Benedictino·
606 4083 710 4139 ,iluun
728 4105 757 4159 p.
774 4090 815 4143 60.

114 4180 157 4243 ⁸¹¹)
179 4178 252 4229 Acta
269 4170 389 4227 Erudit.
410 4191 435 4225 ι.
453 4174 525 4227 1758.
543 4188 571 4241 p.
591 4176 648 4227 116Ι

116 4266 170 4327 ···)
194 4258 328 4329 Gotting.
342 4256 402 4327 gel.
418 4258 490 4311 Ant·
506 4276 531 4312 u.
550 4260 625 4315 1755.
642 4274 670 4331 p·
683 4262 742 4317 21²0·
