2542 4724
118 260 197 341 578
382 258 538 337 Ct‘r.
564 261 646 331 xv.
698 252 736 343 §.
764 251 852 331 141.
867 251 997 366 ,1425

116 458 244 543 neq'ue
259 444 466 521 Historiam
481 438 730 519 universalem
744 438 917 531 latissime
931 461 1152 541 patentem,
1169 476 1232 527 ne·

118 573 197 646 que
219 549 371 621 civilem
390 548 645 644 peculiariter,
675 570 770 642 quae
787 570 808 615 a
825 546 879 617 rei
902 544 1135 623 christianae
1161 556 1232 627 oti.

119 654 229 749 gine,
253 651 428 746 inprimis
451 674 544 720 vero
565 673 631 742 per
649 647 777 719 omnia
798 672 840 717 ea
866 646 1031 737 saecula,
1063 678 1165 755 quae
1189 656 1231 727 ah

121 770 243 823 aetate
262 747 498 823 Constantini
522 750 735 833 fluxerunt,
762 774 849 819 cum
875 745 1031 823 historia
1044 758 1183 851 'gentis
1198 776 1231 829 et

118 840 316 948 religionis
335 848 550 924 christianae
566 846 968 938 conitmctiffima‘fuit,
989 879 1126 951 neque
1139 864 1232 931 Geo.

120 951 317 1050 graphiam
346 970 382 1025 et
400 953 723 1050 chronologiam,
752 975 844 1046 quas
873 969 1090 1051 utrumque
1108 957 1232 1033 Histo-

119 1055 199 1125 riae
228 1056 386 1126 oculum
403 1053 597 1138 dixerunt,
624 1054 735 1148 plene
755 1054 910 1123 tractari
926 1054 1034 1149 posse
1053 1060 1230 1155 apenilli·

119 1178 230 1227 mum
255 1152 315 1226 est.
368 1160 438 1226 Par
470 1155 566 1225 r'atio
602 1150 650 1226 est
683 1154 856 1226 scientiae
887 1156 981 1228 ioris
1016 1178 1060 1231 et
1088 1163 1229 1262 legum,

120 1255 231 1325 ouius
249 1252 417 1327 studium
432 1255 506 1337 late
526 1249 703 1327 diffusum
720 1256 956 1349 Scriptorum
976 1278 1162 1337 veterum
1178 1292 1230 1337 eo·

116 1351 409 1428 olestastieorum
431 1356 570 1427 notitia
593 1382 822 1453 magnopere
847 1356 1020 1431 adiuvari
1040 1382 1082 1435 et
1098 1368 1229 1459 ampli·

118 1458 242 1543 ficari,
268 1458 682 1542 luculentisBolduiui‚
708 1457 868 1543 Pitheci,
899 1462 1074 1553 th'ocii,
1103 1459 1229 1565 Iustel.

118 1561 259 1643 lorum‚
286 1556 530 1653 Gothofredi‚
560 1562 700 1659 Θνῳίἰ,
729 1559 952 1659 Schultiugii
978 1566 1229 1664 aliorumque

119 1658 488 1734 celebratissimorum
505 1661 885 1745 Iurisconsultorum‚
908 1664 981 1757 'qui
997 1665 1046 1737 in
1067 1668 1128 1745 his
1148 1674 1228 1747 scri·

116 1763 194 1859 ptis
232 1760 460 1851 versatissimi
495 1762 672 1848 fuerunt,
715 1758 936 1837 testimoniis
970 1784 1014 1837 et
1050 1778 1223 1870 exemplo

117 1859 272 1949 constat.
351 1872 502 1962 Quanto
546 1866 717 1937 utiliores
758 1883 884 1936 autem
920 1866 1015 1939 libri
1051 1894 1223 1951 veterum

115 1966 297 2042 Ecclesiae
329 1973 483 2061 Parrum
522 1965 628 2053 sunt,
671 1984 777 2038 tanto
824 1965 1054 2065 diligentius
1093 1980 1221 2051 conlu-

112 2068 226 2149 lendi
247 2088 285 2143 et
305 2069 512 2142 lectitandi.
563 2076 666 2140 Bene
687 2074 744 2141 Io.
760 2073 903 2141 Lozac
919 2070 969 2157 ‚in
990 2076 1218 2154 Exercitott.

114 2160 285 2244 ooc'idem.
337 2173 488 2269 (Lugd.
513 2176 594 2242 Bat.
622 2171 721 2243 1792
747 2170 797 2265 sq.
832 2174 907 2255 ΙΙΙ,
940 2172 1009 2267 8.)
1047 2182 1155 2275 spec.
1177 2188 1217 2253 Π.

17 2312 21 2318 ·
61 2310 63 2315 ·
113 2296 152 2367 p.
169 2276 231 2345 77.
285 2274 506 2362 „Maiarum
523 2270 740 2373 nostrorum
759 2289 878 2343 aetate
892 2274 934 2343 in
945 2273 1099 2351 summa
1116 2308 1216 2355 vene.

110 2376 260 2448 ratione
285 2391 390 2448 erant
414 2393 555 2447 veteres
573 2375 778 2469 Scriptores
804 2371 1016 2463 christiani,
1045 2406 1153 2458 nunc
1168 2410 1215 2457 rc·

113 2480 282 2549 centiora
306 2478 347 2548 in
363 2476 537 2547 manibus
554 2475 641 2547 sunt
658 2476 833 2546 omniurn
851 2495 965 2571 atque
985 2485 1134 2569 oeulis,
1159 2510 1213 2557 an·

110 2579 217 2673 tiqua
240 2581 476 2677 ignorantur.
530 2579 603 2674 Qui
625 2602 757 2648 verum
784 2579 894 2649 unice
918 2604 1100 2658 amamus
1123 2586 1211 2659 litt'e·

109 2706 239 2753 rarum
257 2681 531 2752 humaniorum
549 2681 713 2751 cultores
730 2717 780 2733 -
792 2680 894 2751 haud
909 2682 1028 2755 inviti
1039 2690 1208 2782 patimur,

107 2784 253 2883 negligi
278 2802 314 2855 et
333 2800 523 2855 contemta
542 2782 659 2852 iacere
675 2781 740 2851 illa
753 2787 917 2853 ¹Parrum
941 2788 1050 2858 Eecl.
1070 2788 1207 2885 scripta.

109 2908 205 2980 quae
228 2888 290 2957 vel
319 2884 588 2956 imbecillitatis
609 2883 797 2962 humanae
824 2886 864 2955 in
890 2884 1061 2963 serendis
1085 2892 1208 2965 litibus

107 2987 327 3083 alendisque
346 2987 436 3057 rixis
457 2985 554 3055 nihil
573 2981 805 3081 profuturis,
833 2988 896 3058 vel
916 2992 1033 3061 naevi
1056 2994 1098 3064 in
1117 2992 1207 3065 dete·

105 3090 186 3162 rius
211 3088 355 3162 ruentis
388 3082 582 3159 manifesta
609 3086 724 3157 nimis
749 3086 887 3159 indicia
919 3092 1120 3184 produnt,
1153 3092 1205 3167 sed

104 3192 206 3263 inter
229 3193 451 3287 praecipuos
483 3188 697 3259 eruditionis
720 3178 855 3282 fontes
886 3188 971 3261 iure
1006 3218 1053 3266 ao
1074 3198 1202 3269 merito

104 3294 297 3366 censemus
321 3294 410 3362 illos
438 3284 663 3384 Scriptores,
696 3290 761 3385 qiri
786 3316 806 3361 a
832 3287 978 3361 Iustino
1010 3320 1134 3393 usque
1163 3294 1202 3367 ad

103 3397 290 3488 cyrillum
307 3393 668 3485 Theodoretumque
683 3410 813 3462 contra
828 3392 1108 3485 praeiudicatas
1124 3424 1202 3499 gen·

101 3500 231 3571 tilium
251 3496 452 3591 opiniones
470 3511 535 3565 aut
551 3493 757 3564 calumnias
771 3494 970 3565 meliorem
980 3500 1200 3593 religionem

101 3602 217 3673 tutati
249 3599 384 3671 sunt.“
437 3594 493 3667 Cs.
517 3601 544 3664 Ι.
571 3596 615 3665 Α.
643 3600 834 3667 Earum
859 3595 996 3695 Praes.
1024 3602 1079 3673 od
1102 3607 1135 3674 Ι.
1160 3602 1197 3673 ⁶.

102 3705 279 3776 Lirzdncii
296 3702 383 3770 edit.
402 3698 561 3768 Minucii
578 3697 718 3766 Felicis.
1036 3704 1039 3709 '

565 3868 598 3961 ς.
653 3860 738 3941 ιιι.

202 4004 388 4086 Afferunt
418 3998 522 4108 usum
557 4009 788 4103 exegeticum
821 4026 867 4075 ac
896 4008 1088 4100 quamvis
1116 4004 1190 4081 satis

96 4130 245 4191 notum
258 4110 316 4201 stt,
331 4114 468 4183 Patres
484 4130 569 4180 non
587 4102 761 4179 feliciter
775 4102 935 4206 semper
952 4110 1187 4211 Scripturaut
