2542 4724
119 258 196 337 106
386 296 389 301 ·
442 216 593 333 Gar.
628 260 707 330 vn.
761 256 885 348 §.eta

117 446 242 521 modo
277 444 486 517 Minucium
519 398 696 529 Falicem,
745 442 977 528 Anaobiurm·
1021 448 1214 545 hierony·

122 572 246 633 mum,
281 545 485 641 Sulpicium
505 548 692 615 Severum.
723 532 1021 617 “observationi
1048 548 1212 621 omnino

119 648 283 749 dignum
307 642 376 733 ast,
420 650 561 723 Poitaa,
586 645 699 719 etiam
721 642 1216 745 posteriorum-temporum

122 749 333 839 ornatiores
355 744 443 831 aue,
487 770 601 842 quam
626 745 770 817 solutae
794 748 979 819 orationis
1010 750 1212 822 Auctoraa.

120 846 336 949 Monstrant
353 848 429 919 hoo
442 848 612 943 exempla
629 848 773 917 Sidonii
786 849 1019 945 Apollito'ris
1033 872 1078 921 ao
1094 852 1216 921 Paul·

123 952 189 1022 lini
203 952 367 1034 Nolani,
394 968 561 1041 quorum
578 949 750 1019 Carmina
767 946 856 1049 [unt
878 950 996 1020 nitida
1012 974 1055 1021 ao
1074 974 1214 1047 perpo-

120 1051 208 1137 lita,
231 1044 418 1148 Epistolae
431 1072 565 1146 parum
582 1050 779 1145 elegantes,
799 1050 886 1141 quia
898 1049 1021 1122 soluta
1035 1052 1214 1126 oratione

119 1151 309 1249 scriptaa-
350 1150 603 1223 Tradidarunt
635 1148 812 1248 dogmata
844 1176 887 1222 ac
915 1146 1090 1245 mysteria
1114 1154 1215 1225 obri-

118 1250 234 1327 fiiana
258 1270 367 1325 antea
390 1252 541 1349 ignota,
576 1274 671 1346 quaa
686 1246 933 1323 necessitatem
948 1252 1212 1347 imponam,

118 1353 303 1427 fomnulaa
329 1377 373 1426 ao
395 1351 580 1424 vocabula
615 1368 703 1425 anta
726 1368 896 1447 tempora
914 1350 1214 1431 Christianorum

117 1454 160 1527 iu
177 1455 289 1528 Latio
307 1453 501 1538 inaudita,
538 1451 667 1525 saltam
690 1448 766 1525 alio
783 1452 891 1526 sensu
907 1472 946 1527 et
959 1454 1124 1545 notione
1142 1456 1214 1531 uii-

119 1574 217 1641 tata.
242 1554 456 1639 invehendi.
515 1560 613 1625 Nata
639 1578 685 1625 ax
706 1579 751 1626 ao
778 1550 829 1628 est
853 1554 1214 1643 latinitatatclaiia·

119 1654 226 1741 stica,
252 1680 368 1754 quam
383 1656 448 1728 alii
464 1655 594 1729 sectati
611 1654 699 1728 sunt
713 1655 883 1751 parcius,
908 1656 1049 1753 priscaa
1060 1659 1214 1759 qlagau·

120 1760 195 1830 tiae
214 1760 255 1828 in
281 1757 390 1830 sacris
413 1778 569 1853 quoque
584 1757 815 1856 argumentis
831 1754 1006 1843 studiat,
1034 1758 1110 1833 alii
1127 1760 1215 1843 dili·

119 1860 268 1960 gentius
287 1877 399 1953 atqua
417 1860 458 1931 in
482 1884 526 1931 eo
549 1858 701 1931 laudem
726 1854 793 1929 fibi
815 1876 1071 1955 comparatam
1090 1858 1216 1935 existi,-

118 1978 291 2045 morunt,
323 1956 478 2033 fiunica
495 1983 601 2032 novo
624 1958 694 2030 illo
714 1975 752 2031 et
767 1957 874 2031 sacro
899 1957 982 2032 stilo
1002 1979 1215 2050 uterentur,

123 2063 257 2159 quoin
277 2059 388 2135 censu
404 2064 615 2160 Cyprianus
634 2078 672 2132 et
688 2062 809 2157 magia
826 2062 1020 2132 Paullinus
1038 2062 1216 2137 Nolanus

122 2164 321 2237 habentur.
374 2164 645 2233 Auauautnus
671 2161 754 2234 Lib.
774 2162 822 2235 11.
843 2162 889 2236 da
909 2165 1098 2239 Doctrina
1119 2164 1217 2239 chri·

112 2254 245 2361 stiona
271 2271 358 2361 Cap.
389 2262 467 2347 14..
494 2262 742 2359 T.111.0pp.
769 2288 807 2358 p.
830 2264 892 2336 21.
920 2264 1033 2336 dioit=
1065 2269 1216 2370 quarn-

120 2391 234 2460 quom
250 2381 362 2437 tanto
379 2355 427 2460 est
442 2367 497 2435 uis
513 2356 780 2461 consuetudinis
796 2366 911 2435 etiam
927 2366 978 2435 od
988 2356 1215 2465 discendam,

120 2481 161 2537 ut
181 2471 243 2562 qui
259 2471 296 2537 in
306 2468 505 2561 Scripturis
515 2468 664 2535 Sanctis
682 2465 960 2559 quodammodo
977 2472 1110 2540 nutriti
1127 2472 1218 2542 edu·

121 2561 385 2667 conquestam,
413 2567 537 2663 tnagis
554 2566 650 2642 olias
667 2565 896 2661 loquutiones
914 2569 1105 2655 mirentur,
1134 2596 1217 2644 eas·

121 2694 190 2763 que
208 2674 328 2745 minus
344 2668 482 2745 latinas
496 2681 630 2765 putent
639 2719 650 2751 ,
679 2693 794 2762 quom
809 2670 911 2754 illos,
939 2694 1032 2765 quas
1047 2667 1217 2775 inscrip.

121 2774 212 2841 turis
230 2770 445 2852 didicerunt,
472 2792 587 2863 neque
605 2772 642 2845 in
661 2768 802 2843 latinae
821 2770 973 2868 linguae
989 2772 1218 2853 Auctoribus

121 2874 361 2965 reperiuntur.
413 2869 619 2943 Videantur
641 2866 709 2940 hac
729 2869 773 2940 de
790 2894 849 2943 ret

223 3002 317 3071 Can.
337 3020 396 3071 ott
414 3000 578 3077 Fauoni.
597 2994 859 3092 Praetutium,
892 3023 1007 3095 quam
1029 2994 1217 3103 Glofforio

122 3098 395 3273 ad5Scriptores
412 3097 608 3177 mediaret
625 3094 776 3198 infimae
793 3100 992 3177 latinitatis
1008 3096 1215 3207 praemitit,

172 3302 180 3315 '
221 3306 352 3373 Curat.
373 3308 608 3377 curuantur
633 3305 688 3373 Di
716 3318 781 3374 ert.
807 3306 852 3375 rie
870 3302 969 3402 sotis
984 3305 1132 3379 latinae
1149 3308 1220 3379 lin·

120 3426 238 3507 guae,
274 3428 386 3498 quam
411 3403 529 3475 Halae
549 3404 656 3483 1701.
710 3403 872 3491 afmait,
908 3425 945 3479 et
967 3408 1220 3503 quaelocum

122 3502 290 3581 obtinuit
304 3506 346 3573 in
355 3504 558 3575 Volumina
577 3504 743 3577 eiusdem
751 3498 962 3607 Differtatt.
981 3508 1222 3581 academico·

121 3630 223 3691 rum,
250 3604 356 3701 quod
370 3609 398 3675 1.
418 3608 481 3677 Ge.
498 3606 690 3679 Walchiua
710 3607 749 3677 in
764 3609 891 3680 lucem
906 3606 1043 3693 emisit,
1071 3634 1111 3703 p.
1130 3608 1221 3689 455.

597 3821 633 3906 §.
686 3814 746 3891 69.

225 3982 413 4083 Inprimis
432 3982 704 4077 antiquiorum
723 3984 1041 4061 Christianorum
1059 3988 1222 4063 Docto·

122 4108 209 4171 ret,
242 4080 323 4155 five
342 4086 477 4158 Patres
504 4082 717 4181 diligenter
741 4086 882 4161 versati
909 4086 995 4161 suut
1015 4089 1056 4161 iu
1078 4094 1222 4169 Rheto-
