2542 4724
342 288 858 380 mausum
1008 236 1160 373 'ur

161 487 223 555 Io.
246 505 271 555 Α
290 486 426 553 Bosco
446 469 686 577 Floriacenfis
706 482 826 550 Vetus
841 476 1072 556 Bibliotheca
1088 489 1161 558 Be·

59 586 271 669 nedictino,
289 578 444 681 sancto,
474 572 696 677 apostolica,
722 576 937 681 panificia,
973 580 1159 687 caesarea,

57 690 189 772 reaia,
224 685 534 785 francogallica‚
577 682 629 751 ad
654 686 862 779 chricurn
879 688 956 769 IV,
992 679 1158 785 christia·

58 764 136 890 ruff
154 789 343 859 Franciac
358 800 396 855 et
410 788 613 855 Nobarrae
627 786 790 880 Regna,
820 808 867 856 ac
886 789 1056 861 Mariam
1070 794 1157 862 Me·

58 892 208 963 &ceam
220 890 432 987 Reginam,
464 885 590 984 Lugd.
610 884 719 960 1605.
742 885 778 960 8.
800 878 803 887 ’

130 1096 198 1164 vl
234 1088 488 1162 Bibliothecae
507 1090 691 1163 Ordinum
708 1082 986 1192 religiosorum,
1009 1092 1050 1167 in
1068 1118 1159 1191 qua.

58 1220 143 1268 mm
158 1202 327 1265 nurnero
346 1192 452 1264 sunt:

156 1348 305 1417 Maur.
349 1348 572 1417 Manamax
620 1361 658 1417 et
696 1344 836 1417 Arna.
879 1349 1158 1442 Qozacuraur

56 1443 293 1521 Bibliotheca
318 1437 581 1543 Cluuiaccusrs,
615 1447 654 1516 in
677 1470 752 1540 qzca
769 1449 836 1517 88.
852 1448 1013 1517 Patrurn
1028 1447 1160 1520 Abba·

58 1564 137 1621 tum
160 1537 458 1644 Cluniaccnfium
477 1552 598 1631 vitae,
638 1541 799 1644 scripta,
842 1549 1048 1633 miracula,
1084 1540 1160 1633 sta·
1240 1572 1243 1577 '

58 1664 161 1737 tuta,
202 1649 406 1747 privilegia
432 1647 750 1746 chronologiaque
776 1648 934 1744 duplex,
969 1660 1011 1721 it.
1042 1652 1158 1720 Cata-

59 1750 169 1851 logus
188 1746 452 1835 abbatiarum,
484 1753 742 1847 prioratuum,
779 1750 1052 1836 decanatuum,
1087 1750 1158 1835 cel·

58 1852 182 1925 larum
207 1864 248 1923 et
272 1842 504 1946 ecclesiarum
527 1877 552 1921 a
574 1841 804 1949 Cluuiaccnfi
829 1848 1003 1923 coenobio
1022 1852 1159 1948 depen-

58 1953 248 2040 dentium,
275 1979 352 2024 una
371 1978 400 2022 c.
418 1951 556 2023 chartis
572 1966 609 2022 ct
626 1948 894 2047 diplomatibus
910 1952 1159 2026 donationum

58 2055 286 2147 comradera.
339 2055 476 2126 Omnia
501 2078 598 2123 nunc
620 2056 784 2147 primum
809 2076 857 2123 ea
880 2046 1009 2154 rusptis
1037 2056 1156 2129 Codd.

60 2156 237 2243 collecta,
262 2159 343 2227 Par.
363 2152 472 2227 1614.
497 2153 567 2226 fol.

154 2260 418 2357 anaaaum'
443 2286 614 2353 Trssmu
647 2275 882 2351 Bibliotheca
911 2280 988 2351 PP.
1028 2272 1157 2379 cister.

61 2386 230 2457 cicurum
270 2386 295 2454 i.
328 2408 358 2455 e.
409 2385 534 2478 Opera
575 2376 771 2477 Abbaturn
806 2393 845 2451 ct
877 2381 1159 2457 Monaclrorum

62 2485 145 2558 ord.
164 2474 418 2584 Cistercieufis,
438 2486 501 2577 qui
511 2477 632 2579 [oculo
650 2485 691 2554 S.
704 2480 910 2565 Beruardi,
939 2496 1008 2552 aut
1021 2486 1154 2577 paullo

60 2578 134 2683 post
148 2590 232 2661 eius
250 2583 393 2658 obitura
402 2579 638 2679 floruerunt,
671 2587 944 2657 Bono-Fonte
960 2581 1154 2685 ,1660,sqq.

59 2692 149 2765 un.
173 2686 249 2763 fol
268 2686 319 2777 *).
1194 2719 1199 2725 ·

485 2903 488 2907 ,
541 2863 577 2952 §.
615 2853 676 2935 35.

146 3022 317 3105 Restant
333 3024 530 3125 quaedam
545 3022 890 3101 Bibliotheearum
905 3028 1070 3099 Patrum
1117 3049 1159 3100 e·

62 3154 177 3221 uera,
204 3152 312 3225 quae
329 3144 377 3202 ut
395 3127 539 3203 itidem
557 3124 829 3217 adducantur,
853 3152 920 3203 res
937 3124 1041 3226 ipsa,
1090 3152 1159 3200 lvo

62 3230 255 3331 plenioris
301 3246 419 3327 atque
456 3228 715 3303 accuratioris
753 3228 1156 3302 commemorationis

61 3334 176 3421 atio,
211 3332 384 3407 omnino
402 3330 585 3431 postulat.
639 3334 776 3434 Quum
789 3328 885 3402 illue
905 3329 1013 3402 inter
1031 3326 1071 3402 se
1087 3328 1157 3402 vel

63 3451 204 3523 utute,
245 3432 317 3507 vel
335 3429 523 3537 scribendi
546 3434 680 3519 modo,
722 3430 790 3504 vel
819 3435 1052 3531 argumentis
1074 3427 1157 3502 iuis

64 3532 277 3623 differam,
305 3558 371 3607 eas
395 3535 516 3607 etiam
533 3531 716 3605 distincte
733 3530 969 3620 enarrandi,
997 3526 1158 3605 neceffi·

64 3648 111 3711 las
136 3632 421 3737 impolita-est.
475 3638 522 3707 In
546 3633 596 3707 iis
620 3633 857 3707 Bibliotlcecis
876 3637 1039 3705 Patrurn
1060 3657 1155 3728 apo·

63 3728 269 3829 italicorum
278 3736 441 3843 primus
456 3735 572 3809 locus
590 3730 856 3834 affignandus.
888 3732 1155 3808 Prodierunt:

153 3876 363 3948 Iolllarr.
382 3878 619 3945 Cornum
637 3874 704 3943 SS.
723 3869 903 3956 Potrum,
930 3871 995 3964 qui
1011 3884 1153 3964 tempo-

69 3970 154 4049 ribus
173 3966 333 4073 apbstol.
344 3969 573 4070 floruerunt,
591 3971 807 4060 Barnabae,
829 3973 1039 4053 Clementis,
1057 3976 1154 4040 Her·

74 4139 270 4160 Π-ι-ι

99 4246 242 4313 'lvon
263 4246 403 4323 cuaog.
422 4247 527 4327 libror.
545 4246 654 4306 rarior.
670 4269 700 4327 p.
716 4253 778 4308 680.
815 4338 840 4414 6

792 4340 809 4412 1
