2542 4724
370 326 457 401 ci
486 352 521 401 a.
557 302 635 404 vn.
691 332 724 423 ς.
752 328 812 403 ca.
1073 328 1149 405 ros

56 520 132 597 mis
145 530 362 593 extenuant.
408 515 469 587 Ad
487 540 553 588 eos
570 515 743 587 adiunxit
756 517 794 589 se
809 516 1017 593 recentiore
1033 536 1152 595 aetate

56 628 355 697 Io.cr.21t·rcus
381 617 525 713 hacque
551 616 596 688 de
613 644 652 689 re
668 643 756 689 cum
770 624 830 691 10.
851 624 1150 695 Maarrrnaro

58 720 268 797 dimicavit.
325 718 482 801 Omnia,
526 743 621 811 quae
647 718 693 789 ab
723 718 805 793 aliis
835 720 875 791 in
906 722 1146 815 Hieronymo

55 822 206 897 laudari
219 820 360 904 solent,
387 816 455 913 ipsr
471 820 581 891 valde
596 820 800 891 mediocria
816 820 1012 894 videntur:
1039 828 1081 895 Si
1094 819 1152 925 [e-

57 948 202 1023 ponrts,
222 921 354 1017 'inq-uit
411 910 522 1014 aerest.
542 924 695 990 Hieron.
718 946 755 1016 p.
774 921 829 1005 6.,
857 922 1014 995 inultam
1035 928 1151 995 Grae·

59 1037 252 1097 corum-et
273 1046 366 1118 prae
382 1024 490 1092 ertirn
506 1024 726 1091 Latinorum
753 1024 963 1108 lectionem,
1000 1029 1149 1097 coniun-

60 1142 166 1199 ctanr
192 1134 277 1195 clem
287 1120 485 1221 facultate
501 1126 635 1193 acriter
658 1124 911 1209 declamandi,
945 1140 1014 1196 aut
1030 1128 1152 1197 decla·

58 1228 221 1301 materie
225 1218 429 1325 scribendi,
454 1248 525 1318 pro
544 1225 618 1293 eius
634 1228 716 1293 aevi
735 1225 868 1319 palato
886 1239 1006 1295 cetera
1024 1232 1152 1299 arania

48 1324 394 1431 juret-mediocria·
430 1328 520 1395 Non
542 1325 654 1395 modo
680 1323 865 1409 ebroicae,
893 1319 958 1425 [ed
984 1344 1021 1398 et
1042 1352 1154 1425 grae.

59 1452 133 1501 cae
147 1428 299 1527 liugane
313 1427 461 1497 modica
477 1428 687 1525 cognitione
699 1424 778 1523 fuit
792 1430 935 1499 tinctus.
993 1428 1152 1499 Theolo-

57 1532 171 1631 giam
205 1541 415 1623 ceterasque
460 1528 669 1620 disciplinas
710 1519 971 1626 degustaverat
1007 1533 1151 1625 potius,

59 1654 181 1729 qnam
199 1620 428 1728 exhauserat.
480 1630 526 1697 In
552 1631 758 1700 inventione
782 1630 929 1723 qnidam
952 1628 1043 1701 nilril
1066 1654 1153 1726 pro·

57 1730 265 1829 perandum
288 1727 401 1801 habet
422 1720 610 1825 enquifitir
644 1733 680 1799 in
700 1730 826 1800 ordine
846 1730 936 1801 nihil
950 1722 1077 1825 ferme
1094 1756 1154 1805 ac·

61 1834 214 1911 carratis
238 1834 275 1901 in
290 1833 574 1901 ratiocinatione
590 1853 676 1901 vero
693 1845 729 1901 et
746 1832 956 1903 collectione
972 1826 1154 1932 consecta-

60 1938 206 2007 riorum
219 1932 304 2027 plus
321 1932 439 2003 ratulto
456 1954 619 2026 pompae
643 1931 845 2003 rhetoricae
862 1948 973 2027 atque
988 1958 1154 2033 exagge-

61 2036 223 2111 rationis
246 2036 428 2117 invenias,
457 2058 569 2125 aaran
589 2030 729 2103 roboris
747 2046 782 2102 et
798 2034 930 2103 iudicii.
982 2034 1070 2106 Alio
1091 2060 1157 2105 au·

61 2154 145 2209 tem
167 2136 277 2217 loco,
302 2133 392 2205 ibid.
404 2160 446 2228 p.
464 2132 548 2218 44„
575 2132 856 2216 animadvertit,
882 2134 993 2206 Viros
1019 2134 1154 2207 doctos

65 2232 363 2333 deprehendille,
405 2235 684 2325 Hieronymum
719 2259 899 2330 perquam
930 2235 1079 2309 modice
1114 2235 1155 2306 in

63 2340 198 2437 lingua
215 2360 342 2435 graeca
362 2335 604 2406 exercitatum
621 2332 748 2421 fuisse,
783 2334 933 2430 quando
952 2356 1038 2407 cum
1055 2360 1156 2433 grae-

64 2438 123 2513 cit
144 2437 354 2532 archetypis
378 2432 640 2507 translationes
660 2436 737 2508 eius
756 2437 962 2509 accuratius
987 2434 1157 2509 conferre

67 2539 274 2637 coeperint.
327 2543 370 2608 In
397 2538 640 2632 discrepantia
663 2538 733 2608 hac
749 2539 981 2633 Scriptorum
1006 2539 1050 2609 de
1075 2564 1157 2609 eru·

67 2640 217 2713 ditione
233 2639 479 2731 Hieronymi,
517 2664 635 2733 quum
658 2638 762 2711 illam
785 2639 898 2711 nimis
915 2640 975 2709 vel
989 2639 1156 2723 laudant,

66 2742 132 2815 vel
154 2757 378 2822 extenuant,
413 2756 511 2810 recte
535 2739 591 2809 illi
617 2758 753 2837 agunt,
789 2741 854 2836 qui
878 2759 1074 2835 utramque
1098 2766 1158 2811 ex·
1253 2812 1255 2817 .

66 2842 297 2915 tremitatem
326 2840 492 2911 devitant
518 2858 555 2911 et
585 2841 749 2911 madiam
781 2840 846 2911 libi
879 2841 1022 2939 eligunt
1045 2830 1156 2913 viam.

68 2944 323 3038 Exploratum
366 2941 450 3013 satis
492 2938 559 3027 est,
618 2942 897 3033 Hieronymum
941 2943 1157 3041 linguarum

69 3042 240 3127 ebraeae,
282 3043 495 3125 chaldaeae,
534 3067 683 3139 graecae
709 3062 746 3114 et
770 3044 885 3115 latine
914 3044 1069 3115 minime
1094 3068 1157 3113 rn-

71 3146 159 3219 dem
173 3141 289 3216 inille.
344 3142 610 3241 Colligendum
628 3143 668 3213 id
691 3140 740 3215 est
764 3170 810 3215 ex
826 3144 955 3216 multis
976 3162 1012 3214 er
1029 3168 1158 3238 perpe·

70 3246 147 3319 tuis
163 3242 314 3329 studiis,
343 3268 437 3338 qaae
455 3245 589 3315 litteris
606 3244 664 3316 his
682 3270 745 3339 per
764 3268 918 3315 omnem
934 3244 1051 3315 ritem
1069 3268 1157 3317 con·

70 3346 244 3431 lecravitt
278 3370 324 3415 ex
340 3341 520 3443 magistris
539 3362 575 3413 et
590 3346 911 3441 praeceptoribus,
949 3344 1086 3443 quibus
1108 3342 1158 3417 est

70 3448 181 3533 ulau
204 3472 251 3521 ex
267 3446 409 3545 ingenii
427 3445 704 3529 monumentis,
741 3468 837 3541 quae
859 3446 971 3518 nobis
993 3446 1156 3543 reliquit.

69 3556 152 3623 Nec
169 3548 385 3647 negandum
410 3543 479 3631 est,
507 3568 593 3617 eum
610 3548 673 3618 lna
691 3547 921 3631 eruditione,
946 3547 1158 3643 praesertim

70 3650 225 3725 scientia
250 3650 462 3746 linguarum
494 3648 673 3732 Orientis,
717 3649 880 3741 reliquos
904 3648 1041 3720 latinos
1069 3646 1160 3719 sacri

71 3750 219 3825 ordinis
235 3756 359 3821 Patres
376 3745 572 3843 superasse,
599 3748 704 3843 quod
724 3748 808 3821 satis
824 3750 1032 3822 luculenter
1049 3772 1159 3843 appa·

70 3868 150 3937 ret.
185 3850 251 3922 ubi
273 3850 375 3923 illius
398 3851 611 3945 horumque
635 3849 765 3944 scripta
786 3850 883 3922 iuter
907 3851 942 3921 se
966 3848 1160 3921 conferan-

71 3972 147 4025 tur.
208 3948 264 4025 Ac
291 3950 461 4045 quamvis
485 3973 567 4020 non
593 3974 679 4021 eum
699 3950 890 4022 doctrinae
915 3950 1073 4051 gradum
1098 3948 1161 4019 ad·

72 4055 257 4150 sequutus
271 4049 406 4135 fuerit,
432 4049 478 4121 ad
495 4074 607 4145 quem
624 4048 830 4124 recentiore
849 4076 891 4122 ac
905 4047 1028 4122 nostra
1044 4067 1163 4122 aetate

73 4148 311 4228 eruditiffimi
324 4152 401 4225 Viri
420 4171 681 4247 pervenerunt,
709 4171 774 4226 aut
791 4152 898 4322 qpis2
914 4149 1163 4223 idoneis-lul>-

842 4250 864 4325 a·
