2542 4724
121 288 201 367 742
417 282 466 363 ·G
490 304 517 357 Δ
541 306 577 357 ι’.
607 284 704 356 ΚΝ.
756 280 792 374 §.
819 272 905 355 tot

127 473 295 558 ciendos,
306 470 462 545 credidit
478 495 520 541 ac
535 467 684 564 scripflt,
697 468 848 539 nullum
863 464 1083 555 hominem,
1095 462 1216 565 quim·

126 578 186 650 vis
203 571 405 646 christianis
421 571 637 670 parentibus
652 570 833 653 nascatur,
860 570 951 639 mali
968 572 1141 666 Spiritus
1159 568 1217 643 elle

127 695 317 772 expertem
341 674 485 769 hocque
508 674 667 743 nomine
691 670 852 764 requiri,
878 688 923 740 ut
937 670 1007 741 ille
1025 692 1118 743 ante
1134 672 1218 744 salu·

127 795 207 849 tare
230 778 422 847 lauacrum
444 775 669 867 expellatur,
696 772 833 865 quibus
857 770 967 842 dictis
996 772 1111 843 addit
1127 770 1217 843 Libr.

128 884 190 949 IV.
206 876 240 960 ὦ.
252 877 286 947 6.
304 875 430 970 p.75.:
458 876 786 944 ttocanrctsmus
802 886 1002 967 operatur,
1030 898 1219 968 perquem

130 980 290 1071 Spiritus
314 978 521 1059 immundus
550 974 745 1071 depellitur
765 984 801 1043 et
824 976 861 1042 in
887 974 972 1044 loca
1002 966 1219 1077 desertast-

127 1091 253 1177 gatar.

230 1176 451 1263 Hrnrruos,
484 1178 526 1249 in
558 1178 664 1249 cuius
686 1174 946 1247 monumentis
971 1173 1219 1247 inveniuntur

131 1278 341 1375 periculose
356 1278 615 1375 p'a'rit'e'ratque
627 1278 776 1349 incaute
785 1276 894 1346 dicta.
945 1278 1135 1373 Princeps
1150 1278 1218 1349 eius

131 1402 301 1451 errorum
313 1378 451 1473 spectat
464 1380 510 1451 ad
527 1381 716 1451 summum
731 1372 1092 1473 religionisnostrae
1105 1394 1218 1473 caput.

133 1478 208 1551 five
224 1480 269 1548 ad
282 1480 493 1568 doctrinam
512 1482 557 1551 de
574 1476 729 1552 Christo.
766 1473 976 1549 *Existimat
993 1478 1115 1563 enim,
1128 1478 1219 1549 chu-

130 1576 228 1651 stum
244 1606 314 1677 pro
339 1579 450 1651 nobis
469 1581 622 1676 quidem
642 1596 806 1650 mortem
825 1576 988 1663 subiille,
1018 1580 1219 1650 humanam

132 1699 259 1751 autent
282 1682 361 1752 eius
386 1698 558 1753 naturam
581 1682 690 1751 nullo
707 1680 892 1750 'dolorum
916 1703 958 1749 ec
985 1682 1218 1751 cruciatuum

131 1778 241 1851 sensu
266 1777 436 1855 affectam
458 1780 536 1855 elle.
587 1788 693 1854 Patet
715 1780 755 1851 id
774 1806 819 1851 ex
841 1781 898 1851 his
913 1780 1021 1853 illius
1037 1782 1167 1853 verbis
1181 1780 1217 1849 (le

135 1884 321 1951 Trinitate
342 1881 425 1953 Lib:
443 1886 490 1955 X:
516 1890 602 1981 cap.
620 1884 681 1955 23.
703 1906 740 1977 p.
763 1878 870 1955 1051.
898 1880 988 1955 edit.
1007 1882 1216 1969 Benedicta

131 1974 260 2081 Passus
285 1984 431 2081 quidem
448 1976 499 2081 est
518 1987 704 2056 Dominus
719 1974 1012 2081 IesusclrristuS,
1032 1984 1129 2053 dunt
1145 2004 1216 2052 cat·

133 2084 244 2167 ditur,
273 2084 361 2173 dum
380 2080 620 2183 suspenditur,
639 2088 727 2155 dum
745 2079 983 2183 crucifigitur,
1003 2084 1099 2154 dum
1116 2084 1216 2153 mori·

134 2198 207 2268 tur,
232 2178 294 2281 sed
309 2187 345 2255 in
365 2210 494 2283 corpus
502 2190 664 2261 Domini
673 2190 811 2257 irruens
855 2174 955 2281 affin,
969 2208 1037 2253 uec
1053 2208 1133 2255 nou
1149 2182 1217 2279 suit

130 2276 270 2381 paffio,
298 2310 364 2355 nec
386 2301 512 2360 tomen
537 2303 715 2359 naturam
736 2198 910 2384 paffiliais
932 2278 1119 2385 euseruit,
1138 2286 1217 2355 dunt

133 2400 171 2457 et
191 2388 342 2481 poenali
364 2382 560 2485 ministerio
584 2384 742 2489 desaevit
769 2402 806 2457 et
826 2390 942 2456 virtus
957 2390 1135 2481 corporis
1145 2376 1218 2485 fiae

131 2480 233 2587 seusu
255 2512 400 2583 poenae
422 2496 498 2560 vim
520 2494 716 2589 poenaria
735 2482 773 2587 se
789 2480 1048 2585 desaevientis,
1071 2490 1217 2582 excepit.

132 2586 318 2658 Habuerit
340 2584 437 2689 saue
470 2593 561 2665 illud
590 2594 748 2661 Domini
780 2612 910 2682 corpus
943 2588 1091 2659 doloris
1115 2576 1218 2681 uoslri

132 2702 329 2771 naturam,
354 2679 392 2785 fi
419 2716 551 2789 corpus
580 2684 743 2787 nostrum
770 2692 809 2759 id
832 2702 992 2758 naturae
1019 2687 1155 2774 habet,
1183 2700 1217 2757 ut

133 2793 251 2859 calcet
275 2792 394 2861 urtdas
415 2789 573 2895 etsuper
588 2788 730 2885 fluctus
752 2805 825 2876 eat,
846 2804 883 2859 et
901 2812 976 2859 uon
993 2791 1217 2887 degravetur

133 2893 239 2987 ingre
267 2920 311 2973 a,
347 2918 460 2987 neque
485 2922 606 2990 aquae
630 2885 862 2991 irfisteutibus
887 2880 1050 2988 vestigiis
1077 2894 1216 2971 cedant,

129 3005 297 3087 penetret
319 2998 431 3065 etiam
451 2989 593 3092 solida,
620 3022 688 3067 nee
710 2986 853 3093 clausae
875 2992 1009 3061 domus
1025 2984 1217 3087 obstaculis

131 3108 314 3164 arceatur.
368 3098 499 3168 Paullo
525 3095 608 3193 post
625 3098 748 3169 addit:
782 3101 833 3163 Et
856 3093 967 3162 ltouto
991 3092 1054 3162 ille
1081 3094 1216 3163 deDtt

130 3184 199 3288 est,
226 3192 364 3265 liabens
387 3198 438 3267 ad
462 3200 681 3297 patiendum
705 3196 851 3295 quidem
876 3216 1011 3285 corpus
1039 3207 1081 3263 et
1101 3186 1216 3293 passus

131 3286 199 3385 esi,
216 3288 286 3391 sed
309 3312 487 3369 naturam
511 3326 584 3370 nou
605 3298 743 3370 liabens
768 3296 818 3365 ad
835 3294 1048 3365 dolendum.
1107 3300 1218 3367 Acne

130 3394 214 3491 quis
239 3415 346 3487 putet
369 3398 537 3493 profecta
563 3402 652 3471 haec
674 3398 741 3470 elle
768 3423 812 3467 ex
842 3394 1082 3487 imprudenti
1108 3391 1217 3466 animi

127 3495 292 3589 impetu,
329 3498 516 3573 sciendum
549 3498 618 3590 est,
650 3501 779 3573 eadem
813 3514 848 3567 et
878 3495 918 3565 in
944 3496 1028 3565 eliis
1059 3498 1158 3569 locis
1180 3514 1218 3565 ut

130 3596 336 3669 comment·
365 3604 400 3670 in
431 3598 527 3701 Psnl.
553 3604 613 3679 53.
639 3602 781 3675 et138.
805 3600 959 3693 repetita
986 3596 1069 3669 elle.
1125 3604 1218 3670 luter

127 3702 277 3771 Veteres
317 3726 478 3775 errorem
511 3706 612 3777 hunc
644 3706 719 3774 ianr
752 3700 903 3772 notavit
940 3704 1215 3773 erramus-as

126 3806 373 3873 Mtotuurus
400 3804 499 3875 Libr.
525 3812 577 3877 ΙΙ.
605 3798 764 3901 ‹leslatu
786 3804 895 3872 auim.
915 3807 1006 3895 Cap.
1029 3802 1092 3885 9.,
1111 3826 1215 3899 quem

128 3900 263 3972 deinde
285 3904 359 3985 alii.
382 3908 588 3977 recentiore
611 3929 764 4003 quoque
790 3921 919 3985 aetate,
940 3903 1097 3995 sequuti
1118 3904 1213 3983 suntt

126 4026 196 4073 nec
222 4003 296 4074 fine
313 4005 428 4077 caulla
452 4006 808 4079 animadverlionatu
829 4004 1038 4076 censoriam
1057 4005 1099 4075 in
1118 4006 1213 4076 llila·

125 4103 227 4179 rium
239 4102 489 4185 instituerunt.
542 4110 722 4207 Quamvis
737 4108 838 4183 enim
853 4108 1039 4181 nonnulli
1048 4108 1209 4187 illorum,
