2542 4724
125 277 204 360 470
383 326 392 335 .
435 288 465 357 G
491 307 517 359 a
541 305 579 358 r.
610 285 708 371 VIII·
759 286 795 376 §·
819 276 896 379 78.Ι

90 493 92 497 ·
127 469 296 568 quodam
315 468 541 543 delitescant.
593 475 688 543 Eam
705 466 930 567 explanandi
945 469 1134 541 rationem
1150 468 1220 540 Hi·

127 574 243 668 larius
272 571 455 669 sequitur,
490 591 533 643 ut
558 575 758 672 Origenem
784 571 953 642 imitetur
977 597 1019 642 ac
1047 570 1220 666 quamvis

48 668 54 677 ⁵
130 673 277 747 sensum
291 675 490 745 litteralem
511 673 611 744 haud
633 670 818 776 negligat,
852 673 894 742 in
909 671 1221 767 interpretatione

35 809 43 827 κ
128 790 257 846 tamen
282 770 434 877 mgftica
464 775 655 846 interdum
678 775 819 847 nimius
845 770 913 844 elle
938 772 1098 843 videtur.
1151 777 1221 844 Re·

27 934 33 953 .
131 876 255 971 liquit.
276 875 728 973 etiam'Commentarium
759 879 796 944 in
828 874 1078 971 Evangelium
1111 873 1220 942 Mat-

67 988 70 999 *
133 974 253 1058 thaei,
297 1000 373 1071 quo
398 977 530 1049 itidem
561 976 778 1055 adsensum
806 974 1048 1074 allegoricum
1073 971 1220 1047 investi·

128 1077 301 1175 gandum
326 1079 446 1150 maius
469 1076 653 1163 studium,
690 1101 802 1174 quam
822 1101 888 1171 par
912 1072 978 1159 est,
1007 1075 1169 1149 adhibet.
1183 1075 1221 1168 *)

131 1177 335 1250 Hebraicae
352 1180 504 1278 linguae
526 1179 766 1252 eumrudem
789 1174 895 1247 fuille
920 1177 1091 1272 pluribus
1109 1201 1220 1279 argu-

131 1279 270 1352 mentis
291 1277 532 1353 demonstrari
546 1276 687 1378 potest,
721 1302 792 1350 nec
809 1303 958 1377 graecae
974 1279 1129 1378 linguae
1143 1280 1220 1352 val·

20 1455 22 1459 ,
89 1453 94 1460 ,
133 1374 369 1476 ‘deperitum
439 1380 442 1385 ’
574 1460 577 1465 ,
706 1382 711 1391 ’

236 1487 412 1555 H1utn11
432 1479 610 1556 ¹Diaconi
647 1474 942 1555 Commentarius
969 1477 1018 1551 ἐπ’
1033 1471 1223 1578 Epistolos

131 1582 276 1667 Paulli,
312 1585 373 1656 cui
404 1585 513 1658 Iocus
546 1586 694 1680 quidem
728 1587 827 1657 inter
852 1587 1065 1656 Annnosu
1095 1586 1223 1677 Opera

134 1683 215 1754 dari
237 1683 349 1766 lolat3
381 1710 461 1757 non
486 1684 723 1758 Ambrosium
749 1703 894 1770 autem,
934 1683 995 1755 led
1018 1683 1221 1772 Hilarium,

63 1789 67 1800 “
132 1785 347 1861 Diaconum
365 1792 498 1872 Rom,
533 1789 635 1860 illius
659 1805 851 1859 auctorem
875 1782 964 1871 elle,
998 1809 1102 1856 nunc
1122 1785 1223 1873 inter

97 1931 100 1937 ·
133 1909 267 1958 omnes
285 1885 436 1959 constat.
456 1888 607 1971 ,Omilla
625 1886 729 1961 estin
749 1888 1024 1959 Commentario
1040 1887 1116 1958 hoc
1129 1890 1221 1982 Epi-

124 1976 228 2083 stola
260 1989 311 2058 ad
337 1987 520 2076 Ebraeos,
563 1991 744 2086 quoniam
775 2013 820 2061 eo
848 2007 1017 2080 tempore
1039 1987 1223 2058 nonnulli

133 2088 343 2188 negabant,
369 2092 472 2164 illam
496 2117 515 2163 a
533 2094 665 2163 Paullo
685 2106 870 2162 exaratam
884 2085 1000 2159 inille.
1044 2087 1221 2161 Laudan-

132 2205 198 2260 tur
222 2193 476 2284 expositiones
505 2194 583 2266 eius
612 2192 661 2264 ob
688 2192 892 2264 verborum
925 2189 1148 2262 brevitatem
1180 2213 1223 2265 ac

133 2287 399 2363 sententiarum
418 2296 648 2391 gravitatem.
709 2292 902 2363 Interdum
921 2308 1044 2385 captat
1061 2288 1221 2363 occalio·

20 2453 22 2463 .
133 2414 242 2475 nem,
282 2392 457 2491 dogmata
484 2395 572 2466 fidei
598 2392 847 2467 confirmandi
873 2409 910 2462 et
931 2389 1138 2477 haereticos
1163 2417 1220 2464 re·

102 2574 104 2581 A
133 2489 309 2577 fellendi,
342 2520 361 2563 a
389 2496 630 2591 longioribus
656 2513 779 2566 autem
810 2489 963 2580 abstinet
992 2489 1219 2590 digrellroni·

132 2590 213 2664 bus.
243 2594 421 2688 Scripfille
437 2621 523 2666 eum
539 2598 650 2668 etiam
670 2586 905 2699 Quaestiones
921 2596 958 2662 in
976 2596 1078 2664 V.··et
1093 2597 1144 2664 N.
1161 2599 1217 2679 T,

133 2717 228 2787 quae
253 2695 350 2766 inter
374 2697 610 2769 Auctisrnur
634 2697 756 2792 Opera
776 2697 971 2792 leguntur,
1007 2694 1059 2764 ita
1083 2694 1218 2789 proba·

129 2809 216 2964 gum
234 2791 301 2881 est,
343 2814 463 2872 utres
485 2798 592 2896 supra
612 2823 766 2873 omnem
789 2793 1067 2867 dubitationem
1087 2793 1132 2868 srt
1148 2820 1215 2893 po·

161 2911 209 2964 ta.
227 2895 284 2985 **)
654 2960 659 2966 ,
736 2950 738 2955 .

233 2999 445 3075 Amunostr
469 3008 506 3075 in
529 3009 791 3076 lletradmerou
808 2998 912 3072 Libb.
935 3003 978 3070 V
975 3001 997 3066 Ι
1003 3053 1013 3084 ,
1053 3023 1214 3093 quorum

133 3100 296 3170 maxima
321 3128 405 3197 pars
431 3131 475 3176 ex
499 3113 659 3179 Bas1n11
687 3110 805 3200 Opere
822 3103 987 3174 eiusdem
1007 3097 1213 3198 argumenti

132 3195 253 3270 sumta
271 3199 338 3286 est3
378 3207 739 3279 Commentariorum
764 3209 800 3275 in
823 3195 1212 3309 Evangeliumsecaa·
1247 3210 1253 3231 ’

133 3299 223 3369 dum
250 3303 390 3375 Lucam
415 3308 518 3381 Libb.
545 3315 599 3394 X,
644 3307 780 3402 quibus
813 3307 1010 3403 diligenter
1043 3298 1210 3383 ostendit,

132 3401 252 3496 qualis
276 3406 478 3481 ver-borum
508 3408 551 3481 fit
578 3409 699 3481 sensus
723 3407 892 3478 litteralis
926 3404 1108 3497 simulque
1132 3404 1210 3474 loct

132 3504 313 3594 quaedam
333 3527 540 3581 ceterorum
559 3505 874 3607 Evangeliliarum
891 3502 1046 3577 illustrat
1063 3524 1209 3599 acquae

132 3598 231 3674 inter
245 3605 279 3677 se
295 3622 461 3706 pugnare
474 3611 667 3693 videntur,
694 3633 733 3680 aa
751 3607 938 3680 conciliat.
977 3611 1072 3675 Sunt
1088 3622 1209 3675 tamen

132 3706 401 3779 Commentarii
418 3712 458 3782 hi
476 3710 674 3782 mediocris
693 3709 905 3807 dignitatis,
931 3732 1001 3779 nec
1015 3729 1152 3804 magna
1168 3701 1208 3775 ab

130 3800 180 3877 iit
197 3808 437 3904 exspectanda
453 3809 503 3884 est
519 3814 672 3885 utilitas.
683 3809 759 3906 aar)

167 4048 192 4106 ⁰)
209 4047 429 4111 nostrarum
448 4055 468 4110 1.
487 4072 511 4112 c.
530 4073 559 4128 p.
575 4060 635 4114 sot.

166 4139 209 4198 ”l
227 4142 360 4201 Oonrnut
378 4157 539 4223 utrumque
556 4167 630 4225 aput
650 4147 765 4207 Hilario
783 4146 941 4205 abiudical.

167 4234 219 4300 ⁶⁰³)
236 4234 456 4303 Rottttttt’itctrt
474 4244 493 4300 l.
512 4261 536 4305 c,
555 4261 584 4318 p.
601 4247 661 4303 stt.
