2542 4724
289 336 292 341 .
414 277 670 355 curvo
721 210 758 373 ς.
783 280 845 355 71.
887 398 896 421 Ι
1042 276 1168 357 -425

74 466 181 567 opud
204 483 347 541 veteres
372 466 615 553 Christianos,
660 468 703 539 hi
730 467 859 549 sedulo
885 466 1082 557 curarunt,
1122 490 1169 543 ut

74 569 262 644 memorio
286 567 443 641 illorum
464 589 644 665 perpetua
667 567 754 642 effet
769 589 807 642 et
832 568 880 641 ad
896 568 1063 667 posteros
1079 596 1169 669 pro·

76 687 290 771 pergeretur.
343 670 388 741 ld
404 672 510 765 quod
526 670 713 756 utfierct,
738 672 839 743 varia
855 673 1019 758 ratione,
1046 699 1170 746 recor·
1240 730 1262 759 .,

78 772 276 844 (lotionem
292 774 427 843 eorum
444 771 706 856 conservandi,
744 770 800 843 uti
823 771 911 843 sunt
934 792 1047 868 atque
1070 776 1170 846 inter

79 874 155 946 olio
169 871 370 969 inscriptis
389 874 434 944 de
451 873 560 945 rebus
577 869 734 945 istorum
754 875 1030 971 componendis
1048 871 1172 949 studia

79 974 149 1047 sue
177 974 423 1047 collocarunt.
483 980 584 1047 Inter
615 978 774 1046 Graecos
800 982 1003 1048 Eosuoruo
1029 977 1174 1051 librum

80 1071 225 1169 [crlpllt
247 1076 324 1167 Περὶ
341 1082 408 1147 τῶν
422 1076 452 1144 ἒν
469 1078 663 1167 Παλαιστίνη
677 1080 953 1171 μαρτυρησάντων,
991 1077 1037 1149 de
1059 1083 1172 1148 Mar·

82 1172 232 1275 tyribus
247 1168 500 1273 Palaestinae,
534 1176 602 1260 iis,
639 1177 706 1271 qui
728 1178 771 1249 in
793 1179 994 1251 vexatione
1017 1178 1172 1251 Diocle·

83 1276 183 1351 tiani
198 1293 236 1347 ct
246 1275 451 1349 Maximini
467 1279 511 1349 ab
528 1304 558 1349 a.
577 1278 660 1349 Chr.
678 1278 766 1351 303.
781 1279 828 1348 ed
840 1304 873 1350 a.
890 1279 975 1352 310.
992 1280 1174 1380 sanguino

82 1376 158 1450 suo
191 1376 237 1449 de
265 1380 423 1451 veritate
454 1379 646 1451 doctrinae
677 1375 890 1451 christianae
922 1375 1043 1453 teftrti
1074 1380 1195 1453 runt.

83 1483 235 1551 Praeter
255 1480 377 1565 hunc,
420 1485 642 1553 Euserium
667 1478 913 1576 composuille
935 1485 1002 1552 τῶν
1029 1485 1175 1577 ἄρχων

84 1582 266 1675 μαρτυρίων
292 1583 491 1671 συναγωγὴν,
533 1585 772 1674 antiquorum
786 1586 1067 1682 Martyriorum
1086 1584 1174 1653 Got-

88 1680 294 1767 lcctioncm,
312 1682 388 1777 ipse
405 1682 518 1753 tradit
532 1682 572 1752 in
581 1674 675 1774 Hifc.
688 1684 772 1753 eccl.
780 1689 841 1768 IV,
853 1683 911 1759 15.
928 1684 1011 1756 Lib.
1021 1690 1065 1771 V,
1079 1688 1174 1755 Pro-
1188 1744 1192 1759 .

87 1806 186 1853 ocrn.
205 1800 241 1853 et
250 1785 406 1878 Cap.2l.
433 1786 485 1855 At
498 1807 586 1854 vero
599 1783 698 1854 houd
709 1784 916 1881 quidquam
931 1783 1035 1857 illiue
1051 1786 1177 1882 super·
1254 1866 1257 1873 ,

88 1880 162 1955 elle
175 1880 342 1969 videtur,
377 1882 446 1955 nifi
474 1884 647 1978 reliquias
671 1887 894 1969 nonnullas,
927 1888 969 1957 in
984 1888 1080 1959 Vitis
1098 1885 1181 1981 qui·

87 1982 252 2059 busdam
270 1990 441 2069 Petrum,
478 1986 713 2083 Monologiis
735 1992 962 2059 Graecorum
982 1985 1181 2059 similibus·

90 2108 169 2179 quo
183 2088 453 2159 monumentis.
500 2088 558 2156 Ex
574 2089 801 2158 Latinorum
819 2088 949 2160 ordine
963 2088 1180 2161 referendus

90 2186 171 2257 huc
191 2182 241 2257 est
264 2192 573 2273 Hrunourmus,
609 2189 713 2259 cuius
738 2214 880 2259 nomen
900 2185 1182 2273 votustiffimum

91 2288 412 2387 martyrologium
430 2276 667 2382 praesefert,
690 2288 833 2359 editum
850 2289 1015 2383 primum
1031 2314 1050 2359 a
1066 2296 1182 2361 Lucu

92 2392 319 2461 Dtcnuuto
348 2392 388 2461 in
415 2390 586 2486 Spicileg.
614 2396 724 2461 Tom.
744 2394 812 2475 IV,
841 2390 925 2462 617.
963 2390 1050 2462 odit.
1069 2390 1182 2463 Paris.

95 2486 208 2563 1661.
233 2488 271 2562 4.
307 2498 418 2564 Tom.
437 2496 483 2561 11.
504 2510 628 2562 autem
644 2516 680 2585 p.
698 2493 731 2563 1.
754 2491 841 2561 edit.
857 2491 966 2571 Paris.
985 2489 1182 2563 1723.f01.

97 2588 236 2662 deinde
251 2616 338 2663 oum
355 2589 575 2688 ampliffimo
594 2593 874 2663 Commentario
893 2610 1006 2689 atque
1026 2592 1184 2665 eruditio

95 2689 442 2765 Exercitationibus
467 2697 1135 2765 aanrrc.Mln1anonuurrmo
1154 2692 1184 2765 l‘.
1202 2740 1207 2747 -

95 2792 181 2863 titt
208 2794 250 2863 V
248 2784 395 2882 etustius
412 2796 646 2865 occidentalis
654 2785 834 2893 Ecclefioc
843 2796 1186 2893 Martyrologium,

98 2896 333 2993 Hieronymo
361 2922 384 2966 o
411 2886 642 2991 Gaffiodoro,
676 2896 798 2979 Beda,
837 2894 1047 2992 Wolsrido‚
1086 2900 1186 2967 Not·

102 2990 190 3065 itero
204 2995 357 3091 aliisque
373 2995 613 3091 Scriptoribus
627 2994 805 3069 tributum
821 3013 902 3080 eto,
918 3002 1064 3068 Luccae
1074 2996 1183 3077 1668.

99 3092 173 3169 fol.
221 3096 321 3169 lllud
349 3098 397 3168 ad
418 3098 717 3188 Hieronymum,
761 3114 955 3189 tamquam
978 3115 1188 3181 auctorem,

99 3194 338 3269 referendum
356 3197 442 3283 elle,
470 3198 534 3268 alii
548 3194 751 3281 affirmaut3
777 3198 841 3267 alii
858 3215 1003 3283 eutem,
1030 3198 1190 3269 rationi·

101 3294 176 3369 buo
190 3321 273 3370 non
289 3298 575 3372 contemnendis
593 3295 779 3382 instructi,
805 3317 956 3397 negant.
968 3298 1007 3388 *)
1046 3298 1191 3370 Referri

100 3414 143 3469 et
167 3400 242 3471 huc
265 3398 387 3495 potest
410 3401 559 3472 libellus
586 3398 631 3469 dc
658 3397 848 3471 Mortibus
871 3392 1190 3499 Persequutorum,

103 3498 153 3571 cle
171 3500 277 3573 cuius
292 3505 459 3573 Auctore
476 3500 686 3595 disputatur
704 3500 874 3594 quidem3
903 3501 1116 3573 communis
1137 3519 1191 3573 tu·

102 3624 195 3673 meu
211 3601 392 3674 sententio
408 3600 468 3687 est,
496 3626 584 3673 eum
600 3600 666 3677 elle
681 3602 932 3675 Lattmitium.
967 3608 1110 3675 Lucem
1127 3602 1192 3674 ille

139 3912 170 3977 ⁸)
185 3909 230 3965 lte
244 3908 388 3967 sentiunt:
414 3910 467 3968 vr
477 3930 559 3989 uror
569 3931 607 3966 ur
622 3908 745 3981 Drffirt.
761 3911 797 3963 dc
811 3912 868 3967 Mo
920 3982 925 3989 ¹
940 3912 1192 3985 ologioliomano:

177 3980 259 4049 quod
276 3980 369 4033 edidit
386 3978 574 4039 llosmerclus,
592 3980 689 4035 additu
706 3919 956 4047 Euserium.
974 3980 1068 4050 eccles.
1085 4000 1112 4054 p.
1129 3986 1190 4037 792.

176 4046 249 4101 edit.
265 4046 403 4103 cantabr.
420 4054 493 4105 1720.
520 4048 571 4101 tot.
596 4056 625 4102 et
648 4048 879 4105 Dicuntur
900 4050 934 4119 iu
950 4050 1090 4117 Jttcntto,
1113 4047 1193 4123 quod

179 4112 405 4190 martyrologio
420 4118 492 4175 huic
507 4114 586 4171 dicto
600 4118 664 4173 loco
681 4117 838 4189 praecutit
1100 4118 1105 4126 ’
1123 4130 1129 4136 “
