2542 4724
351 248 355 265 ·
438 248 526 371 cl
555 273 591 322 ιι.
627 254 705 321 vn.
756 249 789 337 ς.
819 249 880 324 n.
1131 194 1221 331 aaa

108 432 212 539 dqfiit
227 462 292 525 rua
349 425 498 531 ifaoere.
523 464 528 471 ¹
550 438 650 506 Hinc
663 426 796 533 poffim
814 439 1077 539 multmlogica
1092 424 1207 537 prae-⁸

108 554 218 636 cepta
242 462 438 639 nffirgit,
464 527 596 634 paffirn
617 542 802 636 Logicam
819 537 989 611 laudibus
1007 546 1206 637 praedicat

103 636 268 741 [urentis.
319 642 371 711 At
398 640 527 710 onmia
554 636 641 711 haec
664 664 746 709 non
774 636 960 712 sufficiunt
983 644 1031 713 ad
1049 644 1202 717 laudem

108 742 302 827 tuendam,
327 766 401 837 qua
419 742 600 812 nonnulli
617 757 849 813 memoratos
865 748 990 814 Patres
1009 744 1205 831 Eccleliae,

104 842 281 939 inprimis
299 837 572 940 Augustinunr,
607 860 755 911 omant.
815 846 1045 941 Repugnant
1065 844 1230 941 scripta,
1255 848 1264 873 ¹

106 970 263 1028 eorum,
297 968 392 1039 quae
417 943 463 1012 ad
487 966 560 1013 nos
589 942 708 1014 delata
734 942 830 1014 lunt.
892 942 1107 1017 Monllrant
1134 948 1200 1019 illa
1245 948 1251 961 '

105 1043 211 1117 haud
235 1043 409 1127 obscure,
444 1049 570 1115 Patres
594 1044 666 1115 hos
689 1043 730 1113 in
755 1061 832 1114 arte
854 1046 1047 1142 cogitandi
1066 1073 1201 1142 parum
1233 1128 1238 1137 ¹

107 1144 331 1219 exercitatos
357 1142 482 1229 inille,
517 1142 590 1217 fine
609 1144 669 1215 illi
696 1144 874 1231 doceant,
913 1144 987 1219 five
1005 1146 1200 1243 disputent

105 1266 222 1343 atque
239 1245 466 1318 adversarios
485 1244 694 1317 confutent.
711 1326 714 1337 Ι
748 1250 842 1329 nes,
875 1246 920 1316 de
939 1244 1075 1342 q'uibns
1094 1248 1198 1320 dille·

104 1366 218 1433 runt,
252 1373 333 1417 non
358 1347 550 1441 perspicue
581 1346 723 1439 semper
747 1362 860 1438 atque
889 1367 1056 1421 accurate
1083 1353 1198 1444 expli·

106 1464 214 1533 cant,
252 1473 333 1519 non
362 1447 551 1531 ordinate,
584 1471 667 1519 non
691 1442 859 1519 distincte
885 1446 1105 1545 disponunl.
1159 1454 1198 1523 Si

104 1550 202 1647 quid
216 1549 457 1645 probandum
474 1544 536 1631 est,
552 1548 751 1645 negligunt
765 1574 846 1619 non
861 1574 944 1621 raro
963 1546 1196 1647 argumenta,

106 1676 205 1749 quae
221 1650 307 1745 lunt
323 1676 408 1721 vera
427 1649 580 1743 vimque
599 1649 757 1721 omnino
778 1644 1030 1723 confirmandi
1045 1651 1194 1725 habent.

104 1751 293 1827 Adversus
317 1749 438 1823 hostes
461 1750 648 1833 insumas,
683 1750 803 1821 immo
828 1752 973 1824 ieiunas
997 1744 1195 1827 ratiocina-

103 1854 232 1927 tiones
242 1852 439 1925 adhibent:
459 1847 859 1948 arguntentaallerunt,
878 1878 1058 1948 quaenon
1071 1858 1195 1927 Theo-

103 1958 288 2054 logorum
306 1978 349 2026 ac
365 1952 700 2048 Philosophorum,
737 1951 797 2022 sed
816 1958 1018 2026 Oratorum
1043 1957 1215 2051 propriu¹

104 2056 213 2138 funt,
254 2080 348 2151 qnae
373 2055 577 2150 praeceptis
594 2054 757 2149 Logicae
783 2054 926 2148 artique
948 2057 1018 2125 rite
1044 2060 1195 2129 conclu-

51 2206 55 2219 ·
105 2158 240 2241 dandi,
266 2173 488 2253 repugnant.
542 2156 722 2247 Excnrpla
738 2156 848 2225 nobis
866 2155 1080 2250 suppetunt,
1101 2184 1195 2251 quae

103 2262 183 2333 hoc
202 2254 387 2331 illustrant
404 2256 714 2349 consumuntque.
758 2261 947 2327 l’uorrus
968 2260 1056 2328 eost.
1075 2262 1193 2329 CXX.

102 2386 144 2457 p.
163 2360 249 2435 302.
272 2377 384 2431 notat
400 2357 473 2428 hoc
493 2358 532 2427 in
551 2363 713 2428 Irenaeo.
766 2362 892 2451 Quum
918 2358 1017 2429 enim
1040 2358 1194 2444 dixillet,

102 2478 251 2559 praeter
268 2458 397 2531 Libros
415 2459 494 2530 eius
517 2461 674 2551 atriaque
692 2452 862 2557 acleulfus
878 2450 1056 2555 lraerefifs,
1087 2462 1197 2555 plura

104 2562 265 2635 etruria
288 2562 421 2655 scripta
445 2579 481 2633 et
497 2554 681 2655 Epistolas
696 2556 947 2645 circumferri,
983 2562 1091 2631 illum
1111 2561 1195 2655 spu-

102 2664 171 2739 riis
188 2662 399 2734 rationibus
420 2663 495 2744 nti,
521 2661 673 2744 iudicat,
700 2681 795 2752 quae
810 2661 922 2731 verba
940 2663 987 2731 ad
1001 2664 1195 2733 mitiorem

102 2764 328 2839 sententiam
359 2765 500 2834 trahere
525 2781 636 2856 atque
660 2766 853 2835 Irenaeum
877 2762 1093 2849 defendere,
1128 2762 1194 2835 lal-

103 2884 184 2939 tem
203 2870 373 2938 excutere
390 2870 586 2935 Bantrus
602 2868 876 2945 Messanam,
900 2866 940 2933 in
958 2857 1106 2963 Differt.
1118 2868 1192 2937 III.
1267 2878 1270 2883 “

103 2972 146 3039 in
164 2974 359 3039 Irenaeum
377 2992 412 3060 p.
432 2966 539 3049 10ss„
567 2965 769 3047 annititur,
802 2964 929 3035 minus
953 2985 1078 3037 autem
1099 2966 1195 3037 bene

102 3068 340 3162 feliciterque
358 3062 511 3138 caeliam
535 3065 676 3136 Irenaei
692 3066 780 3161 agit.
837 3072 929 3135 Non
946 3067 1093 3138 inlirma
1113 3086 1192 3137 tan-

103 3190 193 3241 tum
209 3188 449 3267 argumenta,
476 3184 520 3235 ut
535 3172 782 3237 Massuurus
800 3168 881 3237 aliis
897 3168 1114 3261 persuadere
1131 3194 1193 3239 co·

102 3290 239 3355 natur,
267 3270 329 3341 l'ed
344 3274 454 3354 νόθους
474 3267 666 3359 λογισμοὺς,
682 3262 834 3367 fluuius
856 3272 1017 3337 rationes
1035 3270 1193 3339 Photiua

103 3380 261 3445 Irenaeo
297 3372 447 3452 obiicit,
489 3396 560 3463 qua
596 3370 641 3439 de
672 3396 711 3439 re
740 3368 846 3462 plura
880 3370 1091 3462 disputant:
1136 3376 1219 3439 Io.'

102 3482 261 3549 rame.
280 3478 484 3543 Bunnuc's
502 3472 542 3539 in
562 3466 715 3569 Isugog.
741 3472 791 3537 ‹ul
812 3470 921 3539 tluol.
946 3470 1096 3569 uuiuerJ.
1111 3472 1196 3541 Lib.

103 3580 155 3649 11.
180 3580 266 3667 Cap.
287 3574 321 3645 3.
349 3576 381 3665 §
403 3572 437 3643 li.
464 3600 499 3665 p.
518 3574 602 3643 500.
631 3596 672 3643 ae
697 3576 802 3639 Dan.
827 3578 1121 3655 Mttcnumus,
1156 3572 1199 3641 in

101 3676 253 3749 Introd·
283 3676 332 3743 tul
358 3664 436 3765 lust.
473 3676 627 3741 litterum
662 3674 706 3739 cle
729 3676 935 3767 perrecipuis
963 3671 1197 3742 Bibliotheca

100 3770 224 3877 Paris.
244 3782 290 3847 ΙΙ,
318 3802 354 3869 p.
379 3776 457 3847 150.
509 3774 668 3843 Vitiol'ae
685 3774 1028 3869 argumentationes
1047 3792 1081 3842 et
1098 3773 1199 3865 apud

101 3878 203 3949 alios
221 3876 400 3949 Eccleliae
417 3882 540 3945 Patres
557 3875 753 3943 habentur.
806 3875 983 3944 l'robavit
1007 3876 1048 3943 it
1073 3876 1118 3945 dc
1139 3880 1199 3943 lu·

99 3976 204 4053 stine
222 3984 336 4047 Mart.
354 3984 444 4047 Nic.
466 3984 588 4045 liti-zu.
607 3986 833 4045 (innume
861 4006 900 4044 ac
924 3994 1201 4045 continentatus

101 4076 158 4153 est
176 4082 222 4153 do
244 4070 372 4170 lulliui
390 4078 511 4150 Mart.
530 4080 674 4161 ataenis,
706 4079 741 4146 iu
759 4078 1016 4148 ratiocinando
1036 4071 1202 4175 contuns-
