2542 4724
115 274 194 354 ω)
289 238 302 261 ⁸
433 230 917 355 ὓιιπζΧῙΙΙψΛῖὄι

63 530 69 547 ,
134 504 139 513 -
224 458 431 531 cerutus
459 452 588 535 Alea,
617 450 687 545 qui
711 448 909 521 hominem
933 446 1046 522 sirum
1066 447 1227 525 christia·

121 587 230 645 num,
256 585 370 656 quem
388 544 604 649 Guofiicum
620 569 752 637 vocat,
781 574 898 647 aeque
915 574 958 624 ac
974 552 1097 639 Stoici
1118 554 1228 627 suum

121 664 351 759 sapientem,
380 676 417 730 et
443 655 595 753 prorsus
618 658 787 743 irradiet
811 671 961 725 tantum
983 680 1066 725 non
1091 658 1229 753 ἀναμάρ-

121 795 219 849 τητον
238 761 474 834 describebat.
529 754 643 853 Quod
657 756 842 827 licetvnon
859 754 1123 829 malo‘fecerat
1142 784 1229 831 con·

119 864 203 941 fillo
235 867 312 937 hoc
334 862 415 959 ipso
441 880 564 935 tamen
588 860 831 953 πλατωνίζοντος
859 858 1080 955 theologiae
1102 858 1230 952 mysti-

124 992 189 1040 cae
219 965 468 1037 fundamenta
494 957 613 1033 iecisse
637 960 812 1031 creditur.
877 960 928 1033 At
952 984 1043 1051 vero
1072 980 1229 1057 propter

58 1144 61 1149 ,
123 1068 244 1143 solam
261 1066 474 1139 doctrinam
493 1066 539 1135 de
555 1063 723 1146 homine,
752 1061 927 1135 omniurn
945 1054 1154 1133 affectuum
1170 1088 1229 1135 ex-

122 1189 249 1265 perte,
290 1186 447 1269 propter
475 1168 632 1237 unicum
671 1164 812 1261 dogma
843 1163 1083 1246 Stoicorum,
1130 1165 1229 1236 inter

120 1266 319 1369 magistros
344 1295 387 1343 ac
415 1267 628 1363 defensores¹
651 1290 787 1362 pravae
811 1265 1028 1363 theologiae
1050 1263 1229 1357 mysticae

122 1372 227 1443 haud
242 1371 432 1447 numerari
458 1366 597 1467 potest,
624 1392 694 1439 nec
719 1363 900 1439 affirmare
922 1368 1029 1450 licet,
1057 1368 1227 1453 Clemen-

123 1489 202 1544 tem
224 1472 450 1557 ,docuinam
479 1473 663 1547 moralem
692 1465 907 1569 mysticam,
943 1490 1042 1565 quae
1075 1468 1226 1568 impura

122 1568 194 1659 est,
221 1573 421 1645 tradidisse.

225 1668 490 1747 Enuaaearas
514 1679 653 1774 Syrus,
681 1675 727 1747 de
755 1699 833 1769 quo
864 1672 1036 1745 omnino·
1053 1697 1226 1767 pronun·

122 1774 296 1847 tiandunt
320 1773 389 1861 est,
417 1778 515 1848 inter
540 1778 673 1873 scripta
699 1776 879 1860 moralia,
906 1776 952 1845 ab
978 1774 1063 1869 ipso
1082 1776 1223 1859 relicta,

122 1876 306 1971 quaedam
323 1879 375 1949 ita
397 1878 605 1974 composita
623 1877 710 1963 elle,
737 1897 781 1949 ut
798 1878 872 1949 illis
889 1879 1001 1949 locus
1021 1875 1127 1947 inter
1144 1902 1226 1948 mo·

119 1998 303 2063 numento
314 1978 468 2073 mystica
480 2007 573 2075 pura
583 1982 778 2064 nimirum,
797 1978 907 2051 facile
918 1974 1092 2076 assignari
1108 1974 1224 2073 poffit.

142 2156 145 2167 ,
222 2086 446 2154 hiacintus
474 2082 618 2171 senior,
655 2083 701 2154 de
733 2106 810 2176 quo
844 2082 945 2153 idem
969 2081 1225 2175 pronuntian-

123 2182 215 2255 dum
234 2176 294 2265 est,
324 2183 431 2277 quod
448 2183 611 2255 diximus
630 2185 675 2255 de
697 2187 922 2278 Ephraemo.
975 2187 1074 2255 Sunt
1089 2181 1132 2253 in
1150 2183 1224 2255 mus

120 2286 296 2359 Horailiis
328 2302 441 2379 atque
471 2285 666 2380 Opusculis
700 2302 970 2369 monumenta,
1013 2304 1115 2377 quae
1144 2308 1224 2376 my·

121 2384 221 2457 Ilien·
236 2386 422 2485 appellare
449 2387 556 2471 licet,
583 2384 691 2456 sensu
716 2387 899 2456 nimirum
917 2386 1006 2456 sano
1030 2402 1222 2481 rectoque.

119 2490 235 2561 Nulla
264 2506 389 2557 tamen
416 2484 514 2557 adest
544 2488 670 2570 causa,
708 2493 833 2559 Patres
860 2488 931 2558 hos
959 2488 998 2557 in
1030 2488 1223 2587 theologia

120 2586 261 2659 morali
275 2585 466 2681 a'reliquis
481 2590 534 2659 ita
553 2584 825 2684 distinguendi,
854 2609 898 2660 ut
914 2588 1145 2685 singularem
1169 2616 1224 2661 or·

76 2746 81 2753 .
123 2690 250 2761 dinem
273 2686 522 2773 constituant,
551 2691 875 2783 quemadmodum
901 2691 1087 2761 nonnulli
1117 2708 1156 2761 et
1171 2692 1224 2765 in·

120 2809 177 2864 ter·
185 2788 374 2861 Nostrates
389 2792 624 2885 praesertim:
647 2794 1047 2863 GauAnuoanusin
1057 2783 1223 2887 Historia

122 2908 159 2963 et
173 2886 432 2993 descriptione
464 2890 679 2989 theologiae
710 2886 889 2991 mysticae
918 2892 1105 2966 fecerunt.
1175 2902 1223 2967 Ea

121 2994 227 3077 sana,
255 3018 349 3087 quae
370 2994 417 3065 ad
436 2996 671 3088 theologiam
689 2993 883 3086 mysticant
902 2998 1121 3090 pertinent,
1146 3020 1222 3067 non

121 3094 321 3192 singularia
349 3096 456 3187 eique
480 3096 552 3167 soli
577 3097 748 3191 propria,
783 3096 845 3166 sed
872 3099 978 3171 ouini
1005 3100 1221 3196 theologiae

120 3197 259 3271 morali
282 3198 502 3269 eommunia
529 3197 651 3269 funt·
691 3198 853 3293 Quando
890 3199 992 3269 enirn
1018 3203 1221 3296 exponitur

120 3296 176 3369 ibi
199 3298 394 3381 derebus,
423 3300 519 3393 'quae
542 3297 701 3371 sublime
722 3299 813 3395 quid
829 3324 918 3394 prae
937 3299 973 3371 se
989 3300 1154 3385 habent,
1180 3300 1221 3371 de

120 3397 264 3475 unione
292 3400 461 3471 fidelium
488 3426 574 3471 curu
600 3406 706 3484 Deo,
733 3400 923 3495 speciatim
946 3426 1035 3473 oum
1058 3398 1219 3483 citatior

122 3500 168 3571 de
179 3502 463 3595 operationibus
480 3500 620 3599 gratiae
637 3502 785 3575 divinae
800 3506 841 3573 iu
859 3502 999 3587 anima,
1020 3504 1068 3575 de
1084 3524 1218 3579 mente.

121 3624 359 3695 optaverunt
383 3604 636 3699 cupiditatum
662 3604 834 3677 sordibus
859 3606 968 3675 omni
992 3600 1121 3679 studio
1139 3630 1217 3701 pur·

120 3703 242 3799 ganda
252 3726 264 3787 3
280 3706 339 3779 de
355 3705 458 3778 vitiis
479 3732 522 3776 ex
541 3707 684 3778 intimis
707 3707 832 3777 cordis
856 3702 1052 3779 recessibus
1071 3708 1216 3779 eiicien-

120 3803 178 3875 dis
194 3804 538 3903 pertloruanrlisque
553 3809 704 3904 prorsus
722 3834 764 3880 ao
784 3807 1002 3905 subigendis
1012 3804 1214 3889 affectibus

119 3907 272 3999 quaudo
297 3908 429 3983 similia
455 3929 676 4007 argumenta
695 3928 1022 4005 pertranctantur,
1049 3911 1213 3983 doctrine

117 4004 340 4097 huiusmodi
358 4013 536 4107 appellari
554 4012 650 4087 solet
665 4009 837 4104 mystica,
865 4013 932 4107 qui
950 4038 1036 4085 eam
1052 4012 1209 4087 tradunt,

117 4106 175 4177 illi
199 4110 377 4185 dicuutur
393 4112 555 4206 Mystici.
607 4120 739 4189 Sermo
768 4133 895 4187 tamen
921 4112 972 4188 est
998 4115 1045 4185 de
1063 4115 1208 4209 puriore

118 4208 314 4309 theologia
330 4212 496 4307 mystica,
523 4216 563 4291 id
581 4216 687 4315 quod
701 4218 778 4293 iaar
796 4234 904 4291 antea
922 4216 1156 4291 monuimus.
