2542 4724
388 292 422 363 G
447 310 472 363 a
499 312 535 362 r.
570 288 667 363 mr.
719 287 753 379 §.
783 282 867 365 134.
1094 282 1175 365 74³

88 474 157 573 qui
180 470 433 548 defeniionem
459 474 538 548 eius
563 474 810 571 [resceperunt
828 492 1036 547 memorata
1057 474 1172 548 verba

88 578 137 651 de
162 572 293 647 Christi
317 576 510 647 divinitate
540 576 784 673 intelligenda
809 576 893 673 etse,
926 577 1169 661 contendant,

87 692 136 766 [ex
155 675 228 750 istis
247 696 371 748 tamen
389 676 473 749 satis
493 674 541 750 est
558 677 805 773 perspicuum,
821 677 1008 751 Hilarium
1023 702 1104 749 non
1122 675 1170 747 do

85 780 320 865 Divinitatis,
339 779 399 849 sed
418 782 591 873 Corporis
612 782 748 849 virtute
762 779 881 873 loqui.
934 782 1034 849 Eum
1049 802 1166 873 porro

85 878 238 975 putaiie,
248 880 288 949 in
306 898 429 951 morte
445 876 574 950 Christi
586 879 750 951 divinam
766 898 938 953 naturam
949 879 993 949 ab
1003 880 1169 950 humana

84 980 124 1051 se
148 980 369 1064 disiunxiiie,
395 980 506 1051 multi
523 1006 567 1049 ex
591 982 666 1051 hoc
682 980 761 1051 eius
779 976 890 1051 effato
909 981 1112 1052 Connrrent.
1130 982 1168 1048 in

84 1080 327 1152 Matthaeran
354 1088 440 1175 Cap.
467 1086 637 1153 XXXIII.
658 1106 695 1177 p.
713 1081 800 1154 749.
818 1082 993 1179 colligere
1009 1082 1169 1151 volunta

87 1183 243 1255 Clamor
267 1184 318 1253 ari
340 1187 465 1253 Deam
494 1186 656 1277 corporis
678 1205 755 1253 vox
771 1172 830 1279 est,
857 1182 1080 1253 recerrdentis
1095 1173 1180 1279 ase.
1218 1211 1223 1222 ·

83 1280 188 1354 verbi
212 1282 286 1355 Dei
313 1274 517 1381 contestata
543 1275 733 1379 diffidiare.
784 1285 956 1378 Denique
978 1307 1042 1351 cnr
1059 1284 1170 1352 relin-

85 1398 242 1481 quatur,
261 1386 466 1469 exclamat,
485 1386 632 1455 dicens:
653 1388 775 1471 Dens,
793 1390 897 1455 Deus
912 1406 1032 1469 ancus,
1052 1406 1168 1475 quare

86 1510 149 1557 me
164 1478 410 1583 dereliqnfii?
424 1480 494 1585 scd
507 1486 731 1583 relinquitur,
740 1490 827 1581 quia
837 1499 917 1555 erat
931 1483 1041 1557 itonro
1055 1488 1170 1555 etiam

83 1600 206 1657 morte
225 1590 471 1687 peragendus:
523 1588 593 1663 sed
617 1587 850 1659 Benedictini
878 1586 1062 1657 Monachi
1085 1587 1168 1655 An·

84 1686 355 1772 notationibus,
394 1690 529 1783 quibus
569 1690 679 1761 verba
714 1690 805 1759 haec
843 1684 1092 1771 illustrarunt,
1125 1708 1168 1757 ac

83 1788 400 1883 Praefatiamad
428 1792 567 1861 IIilar'ii
601 1790 708 1885 Oper.
742 1817 779 1886 p.
804 1788 865 1863 48.
897 1816 943 1861 ex
966 1790 1047 1861 aliis
1070 1786 1167 1859 locis

83 1886 304 1975 ostendunt,
336 1916 422 1962 enm
454 1888 659 1975 credidisse,
695 1890 930 1961 divinitatem
965 1886 1096 1961 Christi
1120 1888 1165 1959 ab

81 1990 247 2062 humana
265 2010 397 2061 natura
412 1993 452 2061 in
470 2012 593 2065 morte
607 1992 828 2085 neutiquam
843 1986 949 2061 fuiss'e
965 1990 1168 2085 separatam

83 2114 128 2163 ac
160 2110 256 2165 recte
280 2092 495 2181 observant,
526 2094 632 2189 loqui
654 2094 763 2162 illum
791 2091 837 2162 de
862 2115 907 2162 eo
932 2090 1169 2186 relinquendi

81 2192 216 2276 modo,
228 2217 303 2289 quo
322 2200 423 2265 Deus
440 2193 582 2266 Christo
599 2192 1167 2289 Irominiinmortepertempus

82 2293 278 2391 quoddam
317 2296 425 2365 snum
457 2294 679 2392 praesidium
709 2310 747 2365 et
778 2292 936 2391 gratiam
973 2292 1164 2366 ademerit.

83 2400 212 2491 Quam
237 2392 284 2469 de
310 2396 435 2467 divina
468 2399 651 2469 electione
678 2396 862 2467 advitam
888 2411 1074 2466 aeternam
1103 2420 1168 2465 ex-

81 2497 215 2593 ponit,
248 2498 348 2568 hand
383 2498 536 2569 obscure
566 2496 765 2595 significat,
796 2520 878 2566 eam
906 2496 986 2567 steri
1011 2514 1167 2592 propter

82 2598 214 2669 merita
232 2600 406 2683 hnmana,
427 2617 474 2681 et,
497 2618 539 2670 ut
556 2600 723 2681 ridetur,
742 2599 851 2667 bonis
870 2597 1046 2694 operibns
1065 2598 1164 2691 plns,

83 2722 198 2793 quarn
216 2698 330 2785 decet,
349 2701 491 2772 tribuit.
544 2702 647 2771 Dicit
661 2700 759 2770 eninr
780 2702 947 2769 Tractat.
964 2702 999 2767 in
1015 2696 1165 2771 LXIV.

81 2792 219 2901 Psalrn.
246 2826 282 2897 p.
305 2800 409 2873 tat:
455 2802 569 2873 Eiecti
584 2795 667 2896 frent
691 2800 850 2896 nuptiali
863 2790 959 2891 vesta
974 2794 1166 2899 conspicui,

81 2924 177 2999 puro
202 2916 315 2995 atque
337 2906 482 3003 integro
507 2926 627 2973 nouae
650 2904 858 2973 rtatiritatis
881 2895 1166 3001 corporespien·

83 3004 171 3075 dicii.
224 3008 358 3095 Itaque
387 2994 459 3075 nan
493 3028 550 3075 res
582 2999 763 3100 indiscreti
796 3002 918 3071 iraiicii
943 3001 1069 3073 electio
1100 2993 1166 3097 est,

71 3098 143 3205 scd
175 3128 221 3175 eac
253 3108 375 3173 rneriti
405 3107 545 3177 deiecta
576 3104 688 3201 facta
719 3096 883 3203 discretio
914 3091 973 3198 est.
1012 3107 1167 3174 'Beatus

83 3230 186 3303 erga,
205 3230 310 3299 quem
329 3206 439 3305 elegit
460 3212 584 3276 Dens:
612 3204 740 3287 beatus
756 3202 802 3273 ob
821 3204 870 3285 iri,
890 3206 977 3297 (luia
994 3204 1168 3278 electione

73 3298 128 3408 fit
147 3308 291 3405 dignus.
345 3306 555 3407 I'roiagorn.
581 3312 616 3379 in
636 3306 733 3377 Libr.
753 3300 930 3407 Psainrar.
948 3330 984 3399 p.
1009 3308 1062 3379 12.
1081 3334 1169 3404 pro.

82 3410 254 3494 nuntiat,
287 3432 351 3480 eos
384 3436 404 3481 a
437 3397 519 3481 Deo
553 3410 716 3502 accipere
741 3406 974 3501 sapientiam,
1008 3410 1074 3503 qui
1099 3436 1167 3507 per

82 3512 254 3579 meritam
268 3506 447 3581 botrorum
463 3536 614 3605 opernm
632 3512 796 3608 gratiani
813 3508 1073 3605 intelligentiae
1081 3536 1167 3583 can·

72 3602 291 3711 seqrmntnr.
344 3614 497 3685 Animas
509 3612 656 3707 piorum
674 3610 885 3691 hominum,
904 3634 924 3681 a
942 3614 1166 3709 corporibus

83 3710 285 3805 separatas,
310 3738 389 3783 non
417 3712 536 3785 statim
561 3712 607 3781 ad
634 3712 733 3783 sedes
760 3710 932 3782 caelitum
964 3714 1166 3800 transferri,

83 3812 146 3885 sed
169 3812 206 3881 in
226 3812 307 3883 lina
327 3814 525 3885 abrahami
545 3810 741 3897 custodiri,
759 3812 938 3905 usquead
955 3832 1122 3909 tempas,
1145 3842 1167 3891 a

81 3918 167 3987 Deo
200 3914 400 4000 decretum,
432 3911 589 3985 affirmat
619 3916 788 3985 Tractat.
822 3917 859 3983 in
884 3914 1001 3987 CXX.
1027 3910 1165 4015 iffalrn.

79 4038 120 4112 p.
137 4016 221 4085 3153.
275 4016 372 4111 Ipsas
391 4018 530 4087 animas
542 4014 721 4088 humanas
737 4015 835 4087 inter
856 4040 1012 4109 corpora
1031 4016 1168 4093 referre

81 4114 244 4203 videtur,
272 4142 391 4213 quum
419 4116 532 4191 tradit
555 4118 760 4193 Goramcnt.
780 4118 817 4189 in
839 4116 984 4193 Marta.
1009 4126 1097 4215 Cap.
1120 4128 1165 4195 V.
