2542 4724
77 232 186 327 ,xvl

93 448 199 497 mum
212 388 275 496 „de
298 427 460 497 Patrum
487 417 671 527 Ecclejiae
683 427 890 504 'eruditione
900 423 1022 530 sacru,
1037 426 1187 535 specia-

92 565 162 634 tim
177 560 367 660 theologia
375 563 523 647 morali,
542 557 592 632 de
603 560 658 634 iis
676 562 746 658 qui
755 559 981 640 doctrinam
988 567 1186 642 moralem
1227 632 1236 657 ,

90 694 357 795 explanarunt
377 695 527 795 partim
548 695 681 771 oblata
705 697 933 792 occalione3
960 701 1110 803 partim
1135 726 1186 775 ex

90 814 282 918 inllituto,
316 854 364 902 ea
394 820 670 932 discrepantia,
697 849 744 908 ut
770 834 847 909 alia
872 860 1018 912 eorum
1038 833 1185 938 scripta

89 965 264 1041 maxime
285 965 514 1065 pertineant
537 966 588 1040 ad
612 968 785 1045 ethicam
806 970 1080 1062 christianam,
1109 972 1186 1045 alia

93 1101 145 1175 ad
167 1085 528 1201 iurisprudentiam
547 1100 741 1195 divinam,
760 1129 842 1203 quo
860 1106 953 1181 loco
971 1123 1013 1183 et
1026 1108 1186 1207 quaeri·

91 1206 180 1329 lur,
210 1235 318 1335 quali
348 1237 394 1310 iu
422 1237 556 1338 pretio
585 1242 750 1314 Patrum
781 1239 988 1342 theologia
1016 1240 1184 1317 moralis

90 1370 277 1450 habenda
305 1365 365 1460 fit,
396 1340 792 1479 hacque'occafione
822 1376 990 1450 illorum
1022 1401 1183 1450 errores

90 1509 266 1584 morales
283 1502 553 1583 recensentur.
607 1488 672 1583 Ad
684 1509 832 1611 ¹capita,
849 1511 931 1585 iam
940 1525 1184 1596 enumerata,

91 1644 176 1735 duo
200 1644 295 1719 alia:
327 1660 506 1741 quartum
533 1670 580 1718 ac
600 1648 783 1721 decimum
809 1642 860 1720 de
879 1651 1041 1721 Patrum
1058 1648 1186 1720 Eccle-
1249 1676 1260 1814 ι

81 1772 167 1887 fiae
182 1777 365 1855 erroribus
382 1779 612 1881 theologicis,
623 1787 788 1857 maxime
804 1784 1052 1885 dogmaticis:
1078 1786 1185 1879 quin-

91 1934 174 1992 tum
206 1944 252 1991 uc
289 1918 471 1990 decimum
505 1912 681 2014 denique
722 1914 775 1991 de
795 1919 981 2027 ,Patmml
1002 1910 1184 2015 Ecclefiae
1251 1972 1262 2053 ⁸

90 2050 158 2158 usu
189 2069 303 2152 atque
337 2057 563 2126 auctoritate
584 2049 761 2127 adiunxi.
814 2056 925 2127 Haec
948 2050 1007 2128 est
1029 2050 1184 2127 summa
1229 2066 1257 2151 ,¹

19 2164 25 2171 ⁸
89 2206 249 2280 eorum,
276 2212 378 2287 quae
393 2185 643 2261 Bibliotheca
655 2186 757 2262 haec
772 2187 1065 2288 complectitur.
1117 2189 1184 2261 De

88 2326 271 2415 ratione,
297 2347 377 2422 qua
397 2323 442 2396 in
466 2318 537 2396 ista
562 2321 846 2424 componenda
867 2320 962 2398 usus
978 2321 1085 2414 lum,
1101 2322 1184 2398 iam

90 2478 206 2537 antea
230 2457 510 2547 animadverti,
535 2480 602 2530 me
625 2458 670 2530 in
691 2458 767 2533 hac
791 2481 954 2555 quoque
968 2456 1184 2556 sequutum
1210 2420 1220 2445 l

12 2568 15 2577 Ι
88 2594 167 2673 elle
191 2590 454 2681 methodum,
489 2615 611 2688 quam
641 2590 686 2664 in
716 2591 944 2666 Bibliotheca
969 2594 1183 2696 theologica

87 2729 267 2807 adhibui.
320 2730 435 2802 Deus
453 2721 597 2801 efficiat
612 2708 802 2828 benigne,
819 2742 865 2802 ut
880 2726 983 2801 liber
1000 2727 1068 2803 hic
1083 2728 1183 2803 ube·

87 2867 242 2943 riorem
259 2863 468 2939 materiam
492 2861 542 2937 ad
559 2863 729 2963 gloriam
748 2861 835 2937 eius
857 2856 1182 2962 amplificandam

86 3000 278 3104 praebeat
296 3015 415 3098 atque
431 2999 606 3075 aliorum
624 2995 850 3073 commodis
874 3012 993 3096 atque
1017 2998 1183 3073 utilitati

86 3136 264 3217 multum
278 3134 434 3212 serviat.
484 3134 594 3224 Vale,
611 3156 835 3208 nrurvom
851 3140 1045 3224 Laeron,
1062 3132 1184 3207 mihi·

87 3297 167 3373 que
195 3240 301 3346 lave.
351 3276 471 3351 lenae
498 3271 537 3349 th
562 3274 682 3348 XXX.
708 3269 834 3372 April.
860 3267 956 3344 anni
980 3266 1184 3347 christiani
1229 3304 1236 3319 ·

84 3408 369 3503 Muccrxx.
436 3499 443 3511 ,
1257 3384 1261 3397 ’

444 3747 833 3779 -Φ--θ
