2542 4724
398 277 542 363 Car.
587 281 636 352 11.
689 280 812 369 §ffi-
1076 236 1180 352 1371
1223 378 1226 385 Ι

43 469 145 541 intu
161 465 356 541 Eruditos
371 489 454 539 non
469 466 581 563 pauci
596 463 812 553 exstiterint,
837 467 904 563 qui
922 490 1010 541 oum
1023 466 1067 537 in
1082 468 1151 538 Pe·

46 570 143 641 tavii
157 571 288 641 letina
303 568 624 663 interpretatione,
650 588 734 640 tum
750 569 791 639 in
808 567 976 641 eiusdem
995 584 1154 639 annoto«

47 671 229 744 tionibus
243 672 369 742 multa
386 670 698 774 reprehendqrent
713 687 906 764 tamquam
921 667 1067 753 vitiosa,
1093 667 1153 740 in·

51 772 208 843 turdum
233 770 366 843 acerbe
387 788 499 865 atque
520 771 659 867 inique.
720 771 894 866 Princeps
928 770 969 840 in
999 769 1074 842 illis
1103 765 1166 842 est'

53 873 241 946 Claudius
259 869 454 945 Salmafius
470 873 536 968 qui
551 873 624 957 ait,
648 873 792 944 nullam
814 871 993 970 paginam
1016 864 1154 943 versio·

53 974 112 1047 nis
123 973 355 1047 Petarianae
369 972 574 1071 insignibus
590 971 740 1068 aliquot
756 970 945 1045 erroribus
959 995 1101 1044 vacare.
1115 970 1153 1062 ι1)
1200 996 1206 1015 ·

55 1076 203 1147 Petevii
215 1071 421 1147 industriae
437 1075 615 1151 debemus
635 1099 787 1171 quoque
809 1073 1018 1163 editionem
1032 1076 1152 1172 Syne-

48 1167 103 1274 fii.
140 1176 297 1249 Prodiit
312 1176 378 1247 illa
392 1175 458 1246 sub
474 1175 589 1247 titulo
601 1198 617 1248 τ’
637 1183 823 1258 sinam,
840 1168 959 1273 Episc.
980 1173 1155 1273 Cyrenes,
1227 1206 1229 1210 ·

59 1279 209 1373 Opera,
245 1302 343 1370 quae
371 1268 516 1372 exstant
540 1281 689 1362 omnia,
723 1299 821 1346 nunc
843 1278 1007 1373 primum
1029 1301 1090 1373 gr.
1115 1289 1153 1347 et

58 1379 124 1449 lat.
139 1381 372 1451 coniunctim
387 1378 488 1452 edita
504 1382 702 1475 interprete
715 1381 831 1451 Dion.
847 1378 1025 1459 Petavio,
1052 1380 1154 1447 cuius

57 1504 173 1573 opera
191 1480 326 1550 eadem
352 1479 418 1549 illa
447 1503 494 1549 erc
509 1495 685 1564 veterum,
709 1502 803 1575 prae
818 1480 996 1572 ertirnque
1013 1475 1154 1549 Biblio-

57 1578 188 1652 tlrecae
208 1583 341 1677 regiae
370 1580 547 1650 Codicum
568 1577 655 1681 fide
677 1605 781 1652 recen
811 1592 853 1648 ta
878 1602 923 1648 ac
947 1581 1045 1648 notis
1069 1579 1154 1649 illu·
1235 1632 1240 1647 ,

50 1672 175 1777 strata
190 1681 393 1777 prodeunt,
408 1686 497 1755 Lut.
515 1686 596 1753 Per.
616 1681 726 1755 1612.
750 1679 820 1755 tot
845 1679 985 1773 iterum
1000 1679 1154 1751 iterum·

59 1808 141 1877 qne,
161 1781 259 1854 ibid.
270 1781 366 1854 1631
376 1805 447 1877 pro
458 1806 533 1877 quo
541 1783 723 1854 nonnulli
737 1779 883 1854 titulis.
896 1777 1154 1867 1633habent,

58 1882 234 1956 201640.
253 1880 337 1966 fol,
361 1880 457 1978 quae
479 1885 589 1955 editio
601 1883 768 1985 jerunda
784 1884 996 1954 accuratior
1012 1895 1048 1952 et
1065 1879 1153 1954 ube·
1225 1892 1227 1899 '

60 1988 133 2055 rior
147 1985 374 2080 appellatur.
392 1978 443 2072 **)
501 1991 592 2058 Tres
608 2003 735 2058 autem
752 1983 936 2057 editiones
954 2004 1001 2053 eo
1022 1983 1157 2057 ordine

59 2101 329 2169 numerantur,
355 2103 400 2156 ut
415 2085 480 2156 illa
494 2110 576 2163 non
592 2085 816 2173 secundum,
843 2083 907 2165 led
924 2085 1081 2158 tertium
1096 2086 1156 2158 lo·

59 2212 140 2260 cum
163 2186 342 2259 obtinere
360 2185 501 2262 debeat.
1005 2216 1008 2221 ·

159 2363 323 2429 Curuo.
338 2350 560 2457 (Saurnaise)
577 2362 825 2445 sirannus,
843 2357 904 2429 cui
914 2357 1044 2427 locum
1054 2357 1158 2430 hunc

61 2457 243 2559 rffignare
259 2454 453 2555 pollumus
473 2460 522 2530 ob
542 2458 864 2533 Commentarium
883 2457 961 2530 eius
984 2456 1025 2526 in
1051 2461 1159 2529 Tun·

62 2585 275 2633 tremant
294 2559 435 2631 librum
452 2560 498 2631 de
513 2561 658 2646 Pallio,
686 2559 832 2633 editum
849 2564 929 2635 Per.
942 2556 1050 2630 1622.
1068 2557 1105 2631 8.
1120 2574 1159 2631 et
1221 2576 1224 2581 ’

61 2662 199 2733 iterum
215 2659 286 2731 sub
300 2661 434 2733 titulo:
460 2662 681 2733 Tertulliani
696 2659 777 2733 Lib.
794 2661 840 2736 de
854 2659 989 2737 Pallio.
1024 2656 1157 2731 Claud.

61 2754 270 2860 Salrnafius
296 2757 383 2834 ante
405 2776 564 2833 mortem
586 2756 781 2863 recensuit,
814 2761 1032 2861 explicavit,
1060 2762 1160 2834 notis

61 2854 273 2962 illustrauit.
323 2863 478 2933 Accedit
501 2888 589 2934 vera
608 2864 659 2934 ad
678 2866 804 2934 vivum
819 2864 979 2934 eiusdem
997 2857 1159 2961 effigiet,

61 2966 184 3065 Lugd.
207 2970 292 3035 Bat.
313 2962 421 3038 1656.
446 2963 480 3036 8.
533 2969 742 3037 Puravrus
768 2962 932 3036 Salmafii
955 2982 1067 3034 notas
1087 2964 1188 3055 im„

63 3066 253 3166 pugnavit
271 3064 307 3133 in
317 3060 791 3163 Anirnadversorumlibro,
803 3090 916 3161 quern
925 3062 991 3135 sub
1001 3064 1161 3136 nomine

65 3157 955 3251 AntoniiKerloi¹tiiArernoriciinlucentemifil,
965 3163 1162 3240 Rhodonis

66 3264 1163 3367 (detines)ap.YvonemHaleciumtypogr.iuratum1622.

66 3368 100 3444 8.
132 3374 268 3467 Quum
279 3385 404 3441 eutem
421 3372 476 3441 Sa
488 3395 511 3437 n
523 3394 557 3439 nr
569 3395 592 3439 a
604 3392 620 3440 s
632 3394 648 3439 1
660 3393 686 3440 u
698 3392 729 3454 s,
746 3368 837 3441 ficto
851 3366 1009 3441 nomine
1025 3371 1160 3440 Franc.

68 3474 203 3543 franci
233 3468 342 3552 usus,
381 3467 690 3565 Confutationem
703 3461 1057 3568 Animadversorum
1076 3467 1163 3538 Cer·

68 3568 389 3657 cotinentiae,
431 3568 824 3668 Middelburgi1623.
859 3569 916 3655 8.,
951 3574 1161 3643 Punavrus

72 3664 422 3773 Mafiigoplrorunr,
463 3670 489 3746 1.
512 3669 716 3743 Elenclrum
735 3670 923 3771 primum,
956 3667 1163 3744 secundum

71 3862 301 3880 Q..-

106 3982 129 4045 ⁸)
148 3970 681 4048 vid.}·tmc1rflittiott.gr.vul,
700 3980 759 4035 261.
795 3974 906 4054 lrrqou
928 3975 1027 4044 Prats.
1050 3978 1091 4031 ad
1114 3977 1165 4035 Tr.

138 4046 175 4099 de
194 4043 337 4098 attauh.
352 4044 485 4097 Parrum
505 4064 533 4118 p.
549 4050 593 4105 66.
629 4045 789 4102 Nrcrnonu
804 4043 899 4102 Mem.
914 4042 1067 4114 mvn,
1084 4051 1118 4105 96
1129 4045 1167 4123 lq.

107 4142 145 4207 ··)
163 4139 198 4195 1⁸
216 4136 368 4219 Cataloga
382 4133 523 4192 areton.
540 4137 662 4199 Bunao.
677 4137 735 4207 111,
751 4147 776 4199 t.
802 4160 832 4216 p·
847 4141 892 4198 91.
966 4150 969 4157 “
