2542 4724
292 134 369 201 Ca
397 152 433 199 ι’.
469 131 547 202 vll.
602 126 637 212 §.
664 124 725 203 67.
756 124 817 201 68.

151 317 269 415 piria,
300 315 425 413 logica
445 330 489 387 ac
510 313 662 411 reliquis
680 312 765 391 eius.
778 314 972 410 partibur3
1009 316 1107 393 item

142 420 203 491 olo
230 418 265 489 ia
280 412 464 513 patristiea
482 416 636 513 eiusque
652 414 800 515 origine
815 416 964 491 aciatis
981 442 1108 515 traque
1195 464 1196 468 =

132 522 169 593 ,el
205 546 261 591 rae
285 516 606 602 emendationem3
649 518 692 589 in
721 510 887 617 Isagoge
912 520 965 591 ad
989 520 1106 593 theol.

122 614 160 722 νβ
178 626 233 703 11,
256 619 298 703 3,
324 644 362 714 p.
378 618 466 695 534.

112 728 164 794 [ο.
175 727 299 793 Dran.
313 727 570 792 Wrncnnnru
588 720 716 819 Praef.
730 722 781 791 ad
794 718 1105 823 Pirilologemata

106 816 408 921 catinensem,
436 820 502 891 ubi
516 825 661 894 Auctor
676 823 777 895 varia
802 822 978 921 collegit,
1003 850 1106 919 quae

91 933 215 997 itteras
232 941 342 1018 atque
360 922 405 995 ad
424 921 676 997 eruditionem
691 930 846 997 Parrum
859 925 1066 1019 pertinent.

484 1150 519 1235 §.
565 1146 626 1219 68.

109 1316 210 1391 Satis
233 1312 331 1385 haec
360 1311 464 1385 dicta
489 1310 564 1385 sint
593 1311 642 1386 de
667 1316 830 1387 Petrum
854 1310 1100 1397 Eruditione

43 1418 238 1491 eneratim.
272 1412 560 1513 Progredimur
576 1439 685 1487 nunc
702 1412 751 1486 ad
760 1412 979 1513 fingulares
991 1412 1102 1487 litte·

33 1544 144 1593 arum
165 1514 417 1613 disciplinas,
450 1515 495 1587 in
510 1514 654 1611 quibus
674 1513 738 1587 isti
756 1514 919 1615 ingenia
939 1512 1011 1589 sua
1032 1540 1101 1589 ex·

23 1632 223 1693 ercuerunt
267 1640 310 1687 ac
355 1616 532 1715 primum
569 1616 707 1689 locum
744 1615 850 1688 inter
895 1614 984 1689 illas
1029 1616 1101 1690 tri·

13 1721 165 1793 Quintus
193 1723 490 1801 Grnrrrmaticae‚
533 1714 614 1789 five
642 1716 736 1804 arti,
782 1740 883 1812 quae
906 1716 1019 1791 viam
1045 1716 1097 1791 ad

5 1816 233 1893 sermonem
251 1826 360 1891 reete
384 1814 644 1891 formandum
666 1814 860 1891 monstrat
876 1814 920 1889 a'c
945 1816 1099 1905 fivoce

4 1912 79 1995 h'ac
97 1921 174 1991 late
200 1917 261 1991 uti
278 1918 474 2006 velimus,
510 1918 672 2015 linguae
692 1915 907 1991 discendae
927 1916 1098 1993 inservit

6 2036 46 2095 et
69 2018 119 2093 ad
141 2017 254 2099 istam
276 2016 489 2092 neceiiaria
504 2016 674 2092 sublidit
698 2016 888 2092 recenset.

105 2154 229 2220 Patres
253 2144 432 2218 Ecclesiae
462 2172 543 2218 non
573 2150 733 2219 multam
768 2172 921 2243 operam
949 2150 1097 2249 linguis

2 2248 207 2349 peregrinis
235 2247 417 2319 dederunt
444 2273 486 2319 ac
509 2249 675 2345 plerique
700 2252 988 2321 vernacularum
1010 2270 1095 2323 tan-

2 2372 84 2425 tum
104 2351 214 2447 periti
230 2348 394 2420 fuerunt.
446 2354 548 2421 Inter
570 2374 721 2445 graecos
739 2351 875 2444 pariter
891 2374 934 2421 ac
951 2353 1096 2425 latinos

1 2456 112 2551 pauci
131 2468 254 2533 erant,
283 2451 346 2543 qui
365 2450 534 2547 linguam
553 2452 721 2523 ebraeam
739 2452 911 2523 colebant
918 2476 930 2537 ;
947 2450 987 2543 *)
1024 2480 1096 2527 nec

4 2560 100 2625 'nter
122 2554 260 2623 latinos
284 2550 397 2619 multi
423 2552 693 2623 accuratiorem
727 2553 906 2639 notitiam
936 2553 1095 2651 linguae

0 2678 150 2749 ‚caecae
187 2650 390 2734 habebant,
442 2677 555 2745 quam
595 2653 850 2749 ignorantiam
891 2680 972 2726 non
1008 2658 1095 2729 lere

0 2756 312 2851 inpedimentum
353 2749 515 2823 feliciori
561 2754 864 2847 interpretationi
899 2762 933 2827 S.
970 2758 1094 2853 Scrip-

0 2882 168 2927 urarum
199 2850 375 2937 inieciiie,
416 2855 574 2949 quiaque
601 2853 711 2925 facile
736 2856 927 2953 intelligit.
995 2862 1091 2929 Duo

7 2957 195 3052 raecipue
212 2956 298 3025 sunt
316 2954 416 3025 inter
431 2956 660 3050 antiquiores
683 2958 754 3027 hos
772 2956 991 3029 christianos
1005 2964 1089 3029 Do·

22 3080 133 3141 tores,
151 3057 217 3153 qui
233 3057 302 3127 hac
317 3056 358 3124 in
373 3082 413 3127 re
426 3057 576 3137 laudem
595 3056 658 3127 fibi
675 3078 949 3152 compararunt,
968 3084 1091 3153 qunnr

52 3160 180 3233 studiis
195 3157 348 3255 linguae
364 3155 513 3229 ebraeae
528 3157 660 3228 versati
678 3160 781 3229 sunt:
807 3162 898 3229 alter
916 3186 1089 3257 graecus,

0 3290 103 3359 sque
119 3266 350 3340 Germanas,
377 3260 469 3329 alter
482 3260 633 3342 latinus,
661 3259 765 3353 isque
782 3266 1085 3333 thancrannus.

18 3364 126 3435 tualis
149 3380 272 3431 tamen
300 3378 511 3455 quantaque
543 3360 661 3430 dictae
690 3362 842 3459 linguae
866 3362 1019 3433 scientia
1046 3366 1078 3433 ir

12 3486 161 3559 atroque
185 3460 319 3543 fuerit,
357 3460 402 3529 de
429 3487 473 3531 eo
502 3463 723 3555 disputatur.
776 3468 833 3531 De
855 3464 988 3555 peritia
1013 3466 1067 3535 lin

0 3615 3 3649 e
26 3592 94 3637 uae
117 3566 288 3645 abranae,
323 3586 395 3654 qua
414 3564 624 3633 Onrcanns
642 3563 829 3657 praeditus
848 3561 941 3645 fuit,
980 3584 1057 3635 vet·

0 3694 55 3740 es
78 3666 281 3759 Scriptores
306 3658 502 3747 testantur,
544 3688 698 3757 emitque
722 3664 809 3735 licet
831 3690 910 3735 non
935 3689 1048 3737 omn<

33 3930 59 3997 ³)
77 3926 124 3979 10,
150 3922 326 3997 litaniae
348 3918 425 3989 Dsff.
450 3918 514 3973 frit.
538 3920 574 3970 dr
594 3917 845 3977 Snnrnriterrr'smo
861 3926 891 3975 ct
904 3918 1021 3976 Hebror'.

65 3986 175 4058 restim
189 3991 251 4051 Μ..
279 3992 422 4049 Wittenb.
434 3994 509 4049 1729.
527 3994 551 4045 t.
571 4006 598 4061 Ρ·
616 3996 656 4047 tt.
