2542 4724
143 254 224 333 738
458 256 539 327 Ga
563 276 600 327 u.
627 254 725 327 xlv.
777 250 815 341 §.
842 250 928 331 134.

149 443 244 515 haec
257 440 298 513 in
315 438 461 511 caelum
477 455 668 533 receptos;
686 438 754 533 qui
768 457 895 513 autem
909 467 956 513 ex
971 442 1053 519 illis
1065 450 1239 543 procreati

148 542 241 629 snt,
286 566 351 631 eos
383 563 505 633 neque
527 542 715 635 Angelos,
757 566 878 636 neque
901 548 1096 621 Homines
1130 548 1237 639 fuisse,

146 644 212 737 sed
228 643 390 715 mediam
408 640 613 733 quamdam
631 659 805 711 naturam
822 664 1011 740 gerentes,
1040 650 1178 725 itidem
1192 678 1237 725 er·

147 770 305 818 roneam
330 741 551 813 sententiam
574 742 762 835 produnt,
788 742 828 813 in
853 769 965 838 quam
992 766 1032 817 et
1058 752 1127 821 alii
1151 753 1236 825 ortti-

149 841 519 939 quaeEcclestaeViri
536 838 681 939 ingressa
691 842 789 925 sunt,
801 848 1101 940 propterlocum
1115 846 1235 945 Genes.

147 950 212 1032 Vl,
229 948 263 1017 2.
289 945 386 1014 male
410 942 654 1013 intellectum.
725 948 848 1015 Deum
872 948 1235 1029 hominem-finxisse

146 1049 348 1121 mortalem
389 1061 426 1113 et
460 1042 651 1140 fragilem,
699 1042 815 1115 asserit
847 1046 947 1117 Libr.
973 1054 1057 1121 VII.
1094 1060 1183 1151 Cap.
1205 1056 1233 1133 5.

148 1148 253 1239 §.l5.
271 1164 308 1217 et
325 1146 369 1217 de
387 1144 520 1217 eodem
540 1144 654 1214 tradit
671 1140 926 1243 Lihr.11.1nst.
946 1150 1061 1224 dirr'u.
1082 1158 1174 1253 Cap.
1185 1160 1232 1231 12

147 1254 184 1339 ᾗ.
196 1252 231 1319 7.
246 1249 356 1318 illum
374 1244 540 1317 eanredus
556 1236 702 1343 divarfis
718 1272 763 1317 oc
780 1251 1077 1346 repugnantibus
1090 1256 1232 1353 jactura

146 1342 233 1451 effe,
256 1342 350 1444 fieret
367 1335 444 1442 ipse
459 1346 616 1417 artaudus
642 1372 688 1417 eac
713 1348 790 1419 luce
814 1350 1060 1439 octembris,
1090 1382 1142 1429 ex
1162 1364 1230 1431 vita

146 1468 184 1523 et
199 1464 318 1522 morte
326 1476 343 1527 ‚·
357 1448 448 1517 lauet
461 1448 534 1517 duo
552 1462 677 1517 autem
693 1451 787 1519 inter
798 1444 834 1545 se
842 1475 1017 1547 pugnare
1033 1462 1069 1526 r'n
1081 1458 1229 1535 horariae.

144 1552 272 1621 Deum
287 1541 522 1646 praecepiffe‚
550 1540 635 1643 utfi
656 1552 784 1619 areima
793 1540 1051 1646 superauerit,
1079 1584 1178 1653 quac
1193 1586 1230 1633 ea

143 1654 231 1723 Deo
250 1655 386 1732 oritur,
409 1640 455 1742 fit
471 1650 691 1720 inunortolis
709 1664 746 1720 et
761 1654 797 1721 in
812 1668 992 1747 perpetua
1017 1658 1102 1729 luce
1126 1656 1228 1759 verse·
1265 1732 1267 1753 ,

145 1770 231 1831 tura
246 1744 284 1850 fi
301 1765 426 1821 autern
445 1773 577 1843 corpus
600 1754 729 1821 vicerit
753 1756 917 1823 arrianam
935 1756 1146 1853 ditionique
1149 1758 1225 1861 sub·

143 1858 287 1938 iecerit,
306 1843 361 1950 fit
384 1854 421 1921 in
445 1848 599 1921 tenebris
604 1846 835 1949 seurpiteruis
851 1868 888 1923 et
904 1856 941 1924 iu
965 1876 1113 1947 morte,
1144 1886 1225 1961 quaa

127 1958 259 2053 'quam
284 1952 374 2025 falsa
390 1969 426 2023 et
441 1952 646 2046 periculosa
663 1952 755 2038 lint,
782 1954 884 2024 haud
909 1954 1053 2031 difficili
1074 1966 1222 2061 negotio

142 2055 306 2153 intelligi
327 2048 466 2149 potest,
492 2052 532 2122 in
556 2054 688 2148 primis
713 2078 830 2149 quum
855 2059 984 2150 paullo
1012 2062 1100 2155 post
1126 2066 1222 2137 subii·

143 2162 235 2234 oiata
261 2161 298 2227 in
315 2148 569 2253 stacsocietate
590 2156 681 2225 caeli
697 2169 808 2249 atque
823 2171 954 2241 terroe,
979 2184 1144 2251 quorum
1159 2156 1220 2261 effi·

141 2264 222 2361 gies
238 2262 274 2329 in
289 2256 436 2327 homine
450 2246 614 2355 exprtffa
631 2246 691 2351 est,
703 2250 931 2355 saeperiorem
939 2278 1094 2355 portem
1112 2278 1220 2337 teneaat

141 2388 207 2449 ea,
234 2383 330 2455 quae
348 2350 441 2452 [reat
458 2360 549 2439 Dei,
578 2359 705 2427 arriano
719 2352 877 2455 scilicet,
904 2382 1002 2451 quae
1026 2366 1219 2439 dominium

140 2465 306 2560 corporis
323 2457 452 2538 habet,
476 2458 693 2553 mseriarum
708 2474 832 2529 autem
849 2486 904 2545 ea,
923 2460 1123 2565 quaesunt
1136 2474 1218 2541 Dia·

140 2566 233 2649 boli,
269 2585 401 2656 corpus
424 2561 559 2652 utique.
618 2564 673 2628 Ita
698 2560 799 2630 eninr
830 2581 953 2656 aperte
986 2568 1156 2643 animam
1179 2566 1218 2639 ad

139 2674 285 2747 Deum,
313 2684 451 2756 corpus
476 2676 602 2730 atatem
627 2660 674 2729 ad
699 2661 904 2735 Diabolum
929 2666 1056 2739 refert.
1112 2672 1218 2767 Inpri-

136 2769 212 2843 mis
238 2760 488 2865 gravissimum
521 2784 683 2832 errorem
706 2764 875 2855 prodidit
898 2765 998 2837 Libr.
1021 2774 1087 2841 IV.
1109 2764 1214 2863 Iustis.

139 2873 251 2943 divin.
277 2866 441 2959 Cap.20.
468 2862 576 2947 §.1.‚
604 2864 758 2957 quando
776 2863 916 2949 scribit,
941 2868 1134 2946 Christum
1173 2868 1217 2947 oll

136 2972 301 3047 reditum
319 2966 366 3035 ad
382 2958 572 3060 pristinam
589 2964 708 3036 vitant
728 2958 924 3067 rrolua'ffese
939 2972 1095 3043 ludaeis
1113 2900 1216 3073 odea-

137 3076 244 3159 ἄρνε,
272 3091 317 3139 rae
333 3067 531 3137 adduceret
549 3088 609 3135 eos
626 3068 661 3135 in
679 3070 943 3161 poeniteutiam
961 3086 1080 3167 atque
1098 3080 1216 3173 impios

133 3170 337 3275 resanaret,
362 3192 457 3261 quae
472 3165 556 3236 sane
573 3184 697 3261 aperte
713 3168 852 3265 gratiae
867 3170 1017 3247 divinae
1034 3194 1075 3247 et
1092 3180 1214 3251 nterim

134 3272 338 3349 salvatoris
364 3264 482 3339 nostri
499 3268 697 3339 universali
722 3270 972 3345 adversantur.
1023 3281 1089 3351 De
1115 3278 1214 3351 libera

70 3438 74 3443 .
133 3378 292 3449 hominis
304 3368 483 3441 naturalis
502 3366 655 3440 arbitrio
672 3394 713 3441 ea
730 3371 858 3458 docet,
885 3398 981 3469 quae
1002 3402 1091 3451 non
1112 3382 1215 3479 longo

133 3502 154 3551 a
172 3477 457 3575 Pelagianorum
477 3470 653 3567 dogmate
670 3489 814 3542 remota
830 3474 936 3545 sunt:
964 3482 1109 3553 Vitam
1115 3476 1213 3583 spin'·

135 3581 294 3662 tunsam,
319 3574 445 3670 inquit
461 3571 560 3642 libr·
581 3576 623 3641 V
620 3576 672 3643 II·
701 3578 789 3667 Cap.
807 3572 841 3649 5·
866 3574 900 3659 ὦ.
920 3576 979 3649 19.
998 3606 1071 3675 per
1085 3570 1216 3679 1ιωίμῇ

132 3683 374 3777 acquirimus,
393 3692 430 3747 et
445 3672 544 3745 Lidr.
558 3678 600 3743 V
596 3680 627 3744 1.
648 3678 734 3776 Cap.
752 3674 787 3747 5.
805 3678 838 3765 §.
848 3676 883 3749 6.
893 3702 910 3748 ι.
931 3676 1103 3755 Scieutr'a
1121 3684 1215 3757 alicui

132 3780 295 3881 berreficir'
310 3806 329 3850 e
344 3792 381 3863 t,
407 3780 493 3869 quia
509 3770 629 3871 posito
644 3768 694 3865 est
713 3781 749 3846 in
767 3778 972 3849 audiendo:
998 3786 1123 3857 viteres
1145 3802 1213 3858 tota

130 3877 255 3982 nostra
287 3896 354 3962 et,
388 3880 474 3972 quia
499 3870 618 3973 posita
651 3865 701 3967 est
734 3882 770 3948 iu
800 3882 1017 3967 voluntate,
1053 3880 1214 3979 jaciendi

131 3986 241 4059 barra.
293 3990 416 4055 Deum
441 4004 521 4050 non
545 3980 707 4075 impios,
734 3980 796 4051 sed
815 3980 916 4052 solos
936 3982 1061 4059 iustos
1086 3989 1213 4060 india·

128 4106 258 4161 turum
275 4082 362 4168 elle3
389 4104 522 4155 omnes
540 4082 682 4155 arrianas
698 4084 739 4155 iu
760 4106 835 4157 tana
859 4090 1140 4189 communique
1161 4112 1212 4163 cu·
