2542 4724
388 262 476 343 cr
503 287 540 338 ι.
575 270 671 340 vm.
719 266 754 357 ς.
779 267 843 345 81.
1086 242 1161 347 ier

60 450 162 555 fiola
188 454 214 527 s.
238 448 351 525 Libro
370 442 624 549 quaestionum
642 452 695 523 ad
712 444 931 554 Asgafiam,
966 462 1157 535 Tom.1V.

68 565 236 657 Operum
251 562 280 640 1,
307 556 391 630 197.
416 555 504 625 edit.
527 558 821 641 Mrnmmm,
846 576 979 657 auctqr
994 558 1062 647 est,
1088 561 1159 636 nisi

65 659 242 755 suspicari
251 658 437 739 velimus,
471 655 581 726 illum
603 678 670 747 per
684 658 938 730 Harmoniam
955 665 1157 734 Commen-

63 763 185 834 tarios
208 761 250 829 in
271 757 475 855 Evangelia
500 756 730 854 intelligere3
765 758 810 827 ab
831 760 901 831 hec
918 779 1043 833 autem
1066 788 1157 835 eon-

64 866 208 935 iectura
226 859 379 956 quando
397 853 620 928 abstinemus
642 880 684 930 ac
696 862 949 931 Harmoniam
970 860 1015 933 de
1031 862 1157 963 fingu-

63 965 136 1037 lari
151 964 251 1035 libro
271 960 465 1044 sumimus,
492 958 603 1053 periit
616 958 694 1045 illa,
721 984 791 1030 nec
807 961 854 1030 ad
868 986 941 1034 nos
958 963 1079 1036 delata
1095 952 1156 1041 est.

169 1092 396 1169 Eusnmus,
425 1085 490 1179 qui
505 1084 553 1155 ad
568 1084 699 1156 locum
712 1085 815 1156 hunc
831 1084 991 1159 refertur
1012 1090 1065 1163 ab
1083 1095 1158 1164 Ca.

65 1214 183 1263 nones
198 1187 442 1285 euangelicos,
462 1187 694 1256 Harmoniae
707 1184 1026 1283 Evangelistnrum
1042 1193 1156 1265 inser·

66 1294 235 1374 vientes,
252 1312 349 1383 quos
367 1293 656 1359 Hiunouemus
676 1286 722 1357 de
739 1290 841 1357 Viris
856 1280 1051 1385 illustribus
1066 1300 1155 1391 Cap.

64 1398 144 1465 LV.
168 1388 376 1465 Ammonio
399 1387 655 1459 Alexandrino
683 1387 873 1473 adscribit;
910 1409 1008 1465 recte
1029 1414 1157 1469 autem

64 1500 154 1567 DD.
170 1496 246 1563 VV.
269 1490 590 1573 animadvertunt,
625 1487 907 1581 Hieronymum
929 1509 1156 1583 antenore,

65 1613 136 1669 aut
158 1618 238 1665 non
265 1592 350 1663 satis
375 1607 542 1663 accurate
562 1590 681 1685 loqui.
741 1597 832 1663 Non
850 1590 974 1666 solum
996 1601 1159 1671 Cassio·-

66 1718 226 1777 nonus,
263 1694 305 1765 in
328 1682 485 1789 institut.
502 1692 657 1762 divinar.
682 1694 861 1789 Scriptur.
879 1698 1059 1789 Cap.V11.
1089 1706 1158 1771 Ca-

63 1820 189 1871 nones
202 1796 291 1867 illos
308 1793 468 1866 Eusebio
489 1793 620 1864 diserte
636 1794 787 1879 tribuit,
817 1794 879 1865 sed
900 1797 1012 1869 etiam
1027 1804 1159 1875 Euse-

66 1894 268 1993 uus'ipse
301 1896 343 1966 in
372 1884 540 1990 Epistola
570 1894 622 1964 ad
654 1897 904 1990 carpinetum,
945 1898 1159 1978 Canonisnu

65 2000 172 2073 hisee
186 1994 391 2095 praemissa,
409 1991 578 2079 testatur,
606 1997 814 2067 Ammoun
831 2001 1070 2093 Μονοτὲσσαρον
1094 2030 1159 2078 oc·

64 2096 252 2173 ansonem
275 2096 344 2194 ips1
372 2094 523 2181 dedisse,
566 2102 736 2167 canones
765 2096 879 2169 hosce
905 2104 1154 2199 excogitandi.
1240 2090 1245 2099 ⁸

64 2208 160 2276 Eum
192 2198 242 2273 ob
265 2225 344 2272 rem
369 2197 560 2269 assumant
583 2196 665 2281 alii,
707 2198 795 2268 illos
819 2222 899 2269 non
927 2201 974 2271 ad
998 2206 1157 2279 Ammo·

64 2303 198 2390 nium,
239 2300 301 2372 sed
322 2299 371 2372 ad
395 2299 599 2371 Eusebium
626 2316 818 2394 tamquam
846 2318 1039 2385 auctorem
1061 2307 1157 2381 refe·

63 2402 207 2477 rendae
232 2400 310 2476 esse.
327 2402 365 2491 *)
424 2402 500 2472 Alii
531 2400 777 2486 arbitrantur,
820 2404 993 2475 canones
1016 2403 1088 2478 hos
1111 2412 1156 2483 ab

63 2502 275 2577 Ammonio
301 2503 453 2599 quidem
483 2502 737 2600 excogitatos,
773 2500 818 2574 ab
842 2502 1004 2577 Eusebio
1030 2520 1157 2585 autem

63 2604 277 2705 perpositoe
301 2602 379 2677 esse.

167 2732 432 2813 Amenanus,
469 2727 536 2800 sub
563 2724 668 2799 c'uius
700 2727 859 2827 nomine
888 2730 1038 2808 brevius
1071 2734 1155 2811 scri·

65 2848 180 2930 ptum
204 2828 320 2903 exstat
336 2831 382 2903 de
401 2830 608 2903 Concordia
622 2830 814 2902 Matthaei
836 2846 872 2903 et
892 2838 1016 2907 Lucae
1031 2840 1067 2907 in
1086 2838 1159 2911 Ge-

64 2934 244 3033 nealogia
270 2922 424 3024 Chrifii;
456 2931 553 3003 illud
578 2949 704 3005 autem
722 2932 976 3009 adulterinum
994 2937 1073 3028 esse,
1102 2942 1157 3015 [η.

62 3038 114 3109 tis
138 3036 344 3133 probatum
363 3030 421 3105 est.
439 3026 498 3125 **)

165 3162 455 3242 moveamus,
484 3156 590 3231 cuius
621 3156 668 3230 de
690 3150 870 3259 consensu
895 3156 1156 3263 Evangelista.

64 3289 150 3335 rum
166 3262 334 3333 Libb.IV
352 3261 398 3331 ad
414 3286 485 3332 nos
496 3278 755 3355 pervenerunt.
808 3268 904 3333 Sunt
919 3263 976 3334 illi
988 3267 1157 3369 luculen-

63 3382 149 3435 tum
172 3363 401 3435 Harmoniae
431 3361 664 3457 evangelicae
687 3362 989 3451 monimentum,
1016 3372 1061 3438 ab
1080 3374 1157 3443 Au.

64 3461 217 3565 gustino
245 3487 290 3535 eo
319 3461 476 3534 confilio
500 3462 699 3556 scriptum,
727 3481 770 3533 ut
795 3464 930 3536 veritas
956 3484 1068 3563 atque
1092 3497 1157 3543 au·

63 3565 222 3637 ctoritae
239 3565 534 3661 Evangeliorum
558 3588 578 3633 a
595 3564 792 3636 calumniis
815 3564 1015 3640 hominum
1031 3568 1157 3669 super·

62 3664 299 3739 stitiosorum
316 3664 588 3737 defenderetur.

96 3940 124 4003 ·)
143 3936 178 3993 ιιι
196 3936 258 3992 uu·
273 3935 311 3990 eu
328 3936 424 3991 sao„
442 3932 515 4003 rm.
535 3934 599 3990 aa.
617 3934 785 3994 comment.
801 3934 895 3993 mr.
920 3938 990 4013 cap.
1003 3924 1054 3997 in.
1069 3960 1097 4015 p.
1113 3948 1157 4003 ω.

99 4034 137 4101 ⁹⁴)
158 4028 256 4085 Exstat
273 4030 351 4085 islnd
371 4032 555 4086 {nonnam
566 4029 701 4100 Operum
711 4030 891 4102 Appendice,
909 4032 995 4092 Tam.
1003 4033 1040 4091 Is.
1057 4040 1156 4109 ΜΦ.

132 4102 206 4157 edit.
226 4098 377 4155 Benedict.
411 4098 477 4157 Pur.
499 4104 574 4157 1690.
802 4174 847 4249 ῃ
