2542 4724
117 288 179 367 ’74
491 290 524 364 C
552 274 578 358 i
606 308 642 361 e.
677 288 707 360 1.
755 288 790 377 §.
817 291 855 361 7,

127 482 204 555 lico
224 474 566 573 conscriptumque
582 473 680 546 edita
695 474 860 547 Florent.
883 472 992 549 1688.
1014 473 1051 550 4.
1088 484 1216 575 Quam

36 576 46 597 ¹
128 584 286 665 Auctor,
308 595 353 649 ut
366 578 444 675 ipse
461 576 611 662 fatetur,
636 576 799 671 plurima
817 601 835 646 a
851 579 1028 649 Mariano
1046 580 1217 651 Victorio

130 683 272 778 accepit
290 699 403 776 atque
420 678 468 749 ad
484 678 594 750 usum
609 676 717 748 suum
736 677 948 763 transtulit,
965 678 1132 765 fuerunt,
1150 681 1219 776 qui

127 786 238 857 illum
261 782 491 879 appellarent
514 779 731 853 liberiorem
747 778 906 853 Victorii
927 778 1222 877 Metaphrusteu.¹

127 890 306 959 Attamen
324 900 363 956 et
377 883 442 956 lua
459 881 605 953 addidit
627 897 739 976 atque
757 905 798 952 ea
817 880 863 979 de
878 882 1117 977 Hieronymo
1136 884 1227 954 ani·-

126 987 348 1070 madvertit,
383 1008 478 1080 quae
493 982 683 1056 Victorius
710 984 771 1054 vel
783 985 907 1079 „plane
924 978 1030 1072 uon,
1055 988 1116 1058 vel
1133 988 1218 1058 noir

81 1116 86 1133 ·
127 1087 215 1161 satis
239 1103 409 1189 accurote
433 1080 700 1173 tradiderat.*)

229 1220 289 1286 lo.
307 1216 585 1285 Manrrnuam
612 1214 684 1281 Vie
707 1212 752 1282 de
769 1214 808 1283 8.
824 1207 989 1293 Iertime.
1014 1206 1216 1313 Pritresos

40 1344 45 1367 ·
129 1318 250 1388 litoire
274 1328 310 1386 et
331 1317 500 1385 Docteur
520 1312 567 1383 de
591 1310 765 1424 I’Eglile,
799 1318 879 1384 Par.
904 1310 1012 1385 1706.
1045 1310 1083 1384 4.
1120 1338 1219 1409 quae

127 1418 205 1490 vita
223 1432 392 1490 accurate
408 1411 615 1509 compofito
629 1416 690 1486 eit.
723 1413 934 1512 Diligenter
947 1416 1094 1487 Auctor
1110 1439 1217 1487 enar·

126 1538 185 1591 rat
207 1514 432 1602 Hieronymi
453 1511 590 1600 studia,
624 1514 777 1599 itinera,
810 1516 990 1623 labores,⁸
1010 1540 1067 1589 res
1084 1512 1216 1615 gestus,

127 1619 273 1720 ingenii
289 1616 480 1711 animique
497 1616 665 1688 indolem
682 1616 827 1711 aliaque
849 1619 1216 1691 commemoratione

127 1722 260 1819 digna,
286 1704 554 1816 praecipue'ex
573 1715 688 1814 iplius
706 1716 831 1801 libris,
858 1741 956 1814 quos
975 1718 1138 1813 reliquit.
1154 1714 1218 1811 **)

125 1819 255 1895 Exstat
274 1820 386 1894 etiam
401 1823 680 1901 Mnnrmrmur
703 1823 850 1905 Lettre,
886 1844 956 1914 que
975 1818 1013 1890 S.
1029 1823 1174 1893 Ieronu
1190 1848 1218 1893 u

126 1922 220 1994 ecrit
245 1948 289 1993 eu
312 1934 524 1994 eoreeteurs
550 1918 663 1991 latini
684 1921 734 1991 les
760 1923 932 1992 citatione
951 1922 1003 1993 du
1026 1935 1128 1995 texte
1151 1922 1215 1995 lte·

104 2022 226 2097 iren.
240 2023 332 2114 W)
375 2046 377 2051 ’

228 2152 311 2247 los.
320 2152 486 2225 Ruittrr
502 2138 668 2245 Historia
677 2150 778 2221 uitae
787 2140 937 2248 insignis
944 2142 1126 2249 Ecclefioe
1133 2154 1219 2223 Do·
1241 2178 1251 2191 ·

24 2258 26 2267 '
127 2256 257 2337 eteris,
285 2254 323 2323 S.
341 2253 583 2350 Hieronymi,
612 2272 659 2321 eu:
674 2241 848 2348 Epistolis
862 2250 1017 2347 aliisque
1035 2250 1218 2347 Operibus

124 2360 196 2433 uiri
213 2349 339 2458 sancti
361 2353 521 2425 eiusdem
548 2351 719 2435 collecto,
759 2358 851 2425 Ven.
873 2349 984 2425 1746.
1013 2350 1049 2425 4.
1080 2353 1217 2451 lingua

125 2453 262 2529 italica.
315 2453 453 2527 Tribus
481 2453 586 2524 libris
615 2476 712 2547 opus
736 2454 812 2524 hoc
835 2448 979 2525 constat
999 2454 1219 2551 horumque

126 2559 169 2647 1)
183 2554 413 2648 Hieronymi
427 2553 526 2624 vitae
542 2551 782 2636 curriculum,
805 2554 847 2645 2)
858 2554 1017 2628 virtutes
1034 2580 1077 2628 ac
1093 2556 1218 2641 3)mi·

126 2659 252 2731 recula
269 2653 436 2728 eiusdem
454 2652 728 2748 complectitur.
745 2656 788 2745 †)

142 2866 147 2874 ,
227 2789 314 2856 Sur.
332 2786 470 2853 Doccr
488 2783 685 2853 Maximus
705 2785 978 2882 Hieronymus,
1011 2780 1220 2885 vitaesuoe

125 2888 296 2982 Scriptor
311 2876 346 2983 s.
363 2880 408 2953 de
424 2881 598 2968 moribus,
619 2883 787 2954 doctrino
799 2882 948 2956 etrebus
986 2888 1066 2957 etis
1074 2885 1111 2955 d.
1123 2890 1220 2957 Hie·

125 2989 276 3088 ronymi
300 2976 562 3080 stridonenfis,
604 2982 810 3055 catholicoe
831 2908 1012 3083 Ecclefire
1035 2987 1219 3059 Doctoris

125 3090 302 3173 tltoaeimi,
330 3085 644 3171 Commentarius,
679 3110 726 3157 ex
751 3077 909 3184 ipsismet
932 3089 1008 3157 eius
1032 3086 1220 3183 Operibus

126 3190 331 3287 decerptus,
347 3186 476 3272 editus,
492 3176 710 3285 illustratus,
736 3184 1009 3262 Ancon.1750.
1034 3185 1071 3260 4.
1104 3191 1222 3262 Duae

125 3291 250 3390 operis
270 3306 391 3385 partes
410 3287 577 3385 spectant
601 3287 648 3359 ad
666 3288 893 3381 Hieronymi
909 3290 1047 3383 vitam,
1080 3285 1220 3375 studia,

125 3418 183 3466 res
200 3387 337 3491 gestas,
363 3391 403 3481 in
421 3389 551 3485 primic
568 3415 657 3461 vero
674 3389 722 3461 ad
739 3392 858 3464 varios
873 3390 976 3461 illius
994 3407 1222 3491 controver-

113 3492 211 3577 im,
238 3518 334 3589 quae
357 3492 556 3591 diligenter
578 3508 808 3565 enarrantur.
859 3488 1095 3565 Aooelierunt
1119 3496 1164 3563 V
1161 3495 1220 3565 iu·

124 3648 334 3669 ’.Ο-ω
420 3656 424 3667 ι

157 3750 185 3803 ⁶)
204 3746 279 3802 Aila
294 3742 416 3802 Erudit.
433 3762 458 3799 a.
476 3749 550 3805 1689.
567 3762 596 3819 p.
614 3750 673 3807 249.

164 3842 209 3905 ”l
230 3838 392 3895 Mimoim
408 3840 444 3893 alr
463 3840 607 3895 Treooux
623 3858 649 3896 t.
666 3845 742 3897 1707.
765 3839 836 3894 Jon.
856 3858 886 3913 p.
902 3846 928 3899 3.
962 3810 1077 3899 ileum.
1094 3842 1148 3896 der
1164 3842 1225 3897 So.

195 3914 409 3967 transt-1706.
434 3910 514 3979 Aug.
561 3915 644 3967 .780·
685 3908 891 3967 Bsuuosattn
916 3910 1045 3970 Nrehrr.
1066 3929 1096 3969 υ.
1117 3910 1224 3969 merk-

194 3978 351 4051 wrirdr‘geo
368 3975 507 4031 Briclrern
553 3976 610 4035 lll.
627 3982 670 4035 15.

163 4068 213 4130 ··’)
231 4062 339 4115 Journ.
358 4063 408 4114 dor
427 4062 542 4115 sat-ans
564 4083 591 4117 a.
612 4069 685 4119 lffll.
710 4064 783 4123 Ion.
808 4082 836 4139 p,
853 4070 881 4124 5.

161 4156 189 4221 r)
207 4152 281 4208 Atto
299 4148 422 4206 Erudit.
442 4166 468 4204 ι.
488 4153 562 4208 1719·
579 4166 610 4220 p·
630 4152 688 4208 14⁵.
