2542 4724
367 264 548 367 =cia.
578 267 672 343 vm.
726 266 760 358 t.
787 267 849 343 ta.
1077 266 1155 348 :tn

164 452 403 526 Auauarmr
431 453 477 525 de
503 446 630 554 Genest
656 455 707 526 od
729 455 876 527 literam
890 450 999 528 Liber
1019 457 1153 554 imper·

61 552 207 655 fectus,
242 579 318 650 quo
339 554 511 649 'primum
529 550 705 658 Geneseos
729 576 841 653 caput
863 558 1045 651 explicare
1063 585 1153 633 coo-

62 657 144 754 pitt
164 680 248 743 non
263 654 471 752 progressus
486 675 612 730 autem
629 654 733 729 estin
750 658 918 754 suscepta
933 657 1148 754 scriptionm

64 782 188 856 quum
219 753 458 841 existimaret,
498 757 533 828 se
557 758 605 828 acl
639 782 736 853 opus
769 760 841 831 rite
871 758 1151 836 conficiendum
1185 800 1188 805 ·

62 859 192 933 minus
216 859 355 941 valere3
391 858 436 929 de
461 850 587 954 Genefi
608 860 660 929 ad
684 860 830 932 literam
863 853 968 930 titt.
989 866 1071 932 XII
1100 854 1148 934 ab

64 985 111 1034 eo
128 957 347 1053 conscripti,
383 956 580 1055 postquam
599 960 647 1031 ad
669 958 864 1057 pristinum
881 961 1050 1033 laborem
1066 958 1151 1058 post

64 1059 224 1156 aliquod
247 1061 426 1154 temporis
452 1059 613 1156 spatium
639 1087 684 1133 eo
712 1060 866 1135 consilio
894 1063 1069 1149 redierat,
1106 1081 1174 1145 ut¹

61 1163 175 1235 illum
198 1161 434 1232 continuaret
458 1181 568 1257 atque
593 1162 778 1235 adfinem
803 1164 1039 1258 perducerem
1074 1168 1151 1235 Lo-

63 1264 285 1361 quutionum
311 1260 414 1333 titt.
444 1267 488 1333 V
483 1269 526 1334 11
534 1316 544 1349 ,
587 1264 724 1358 quibus
757 1263 937 1336 nonnulli
966 1264 1151 1360 loquendi
1242 1342 1252 1353 f

62 1363 191 1449 modi,
224 1362 265 1433 in
283 1364 469 1458 Scriptura
486 1370 540 1449 8.,
576 1365 764 1459 speciatim
788 1366 893 1438 libris
916 1356 1053 1460 Moses,
1087 1367 1151 1438 10·

52 1458 151 1566 suae
174 1481 213 1537 et
237 1465 408 1535 Indicum
432 1465 617 1562 usurpati,
659 1467 909 1559 explicantur;
959 1458 1151 1568 Quaestio·

63 1590 156 1637 uum
180 1568 218 1635 in
240 1565 540 1660 Heptateuchum
565 1564 669 1638 Libb.
697 1571 798 1653 VII,
832 1568 898 1639 ubi
917 1564 1148 1666 Augustinus

64 1665 113 1738 de
128 1665 242 1739 variis
254 1666 365 1737 rebus
384 1664 593 1740 difficilibus
609 1693 650 1740 ac
665 1669 789 1740 dubiis
805 1669 994 1741 dictorum
1010 1668 1151 1765 septem

60 1766 262 1852 librorum,
278 1761 406 1862 Mofis,
426 1761 555 1867 losuoe
571 1770 804 1854 ocludicum,
820 1771 1005 1865 disputan
1021 1774 1153 1841 Anno·

60 1872 251 1939 totionum
273 1871 311 1938 in
329 1866 460 1940 lobum
480 1870 585 1956 liber,
613 1895 771 1966 quarum
797 1896 932 1968 magna
952 1866 1002 1944 est
1018 1871 1152 1943 obscus

60 1968 166 2043 ritae.
226 1968 330 2065 Quae
354 1970 485 2066 scripta
508 1972 566 2043 uti
590 1973 636 2042 ad
652 1977 695 2043 V.
712 1978 757 2045 Τ.
775 1971 960 2067 spectant,
987 1972 1038 2042 ita
1056 1973 1151 2058 aliia,

63 2068 110 2141 ab
124 2067 334 2171 Augustino
351 2070 483 2142 itidem
500 2098 584 2144 com
616 2070 729 2156 olitis,
746 2072 833 2144 libri
849 2079 895 2143 N.
905 2078 948 2142 T.
966 2062 1179 2147 illustran·¹
1238 2160 1242 2165 .

61 2188 139 2247 tut.
175 2173 353 2245 Suntilli:
382 2098 1152 2274 deConsenssissvangelistarumLihlnIVe

65 2275 111 2347 de
133 2276 311 2347 Sermone
333 2275 489 2345 Dori-tini
512 2278 550 2345 in
578 2289 704 2347 monte
735 2271 839 2345 Libb.
857 2274 923 2352 11,·
955 2265 1148 2374 Quaestio·

63 2402 156 2447 num
173 2366 604 2474 evangelicarum'XGV
600 2352 666 2446 11⁸1
679 2373 781 2446 titt.
790 2380 836 2445 II
839 2400 856 2452 ,·
885 2364 1150 2476 Quaestionum
1241 2434 1247 2447 ,

62 2480 103 2549 in
125 2478 376 2575 Evangelium
396 2470 465 2572 sec.
490 2476 731 2549 Matthaeunt
755 2472 836 2547 Lib.
857 2475 876 2541 l
885 2501 902 2554 ,·
933 2478 1151 2553 inslormnis.

61 2577 317 2676 Evangelium
338 2582 373 2647 T
372 2592 539 2647 ructatus
558 2580 731 2649 CXXIV
726 2603 744 2655 ,⁰
760 2580 796 2645 in
811 2567 1018 2679 Epistolam
1033 2577 1148 2647 loan-

62 2682 120 2753 nis
141 2683 343 2750 Tractatus
362 2680 414 2756 X;
444 2669 636 2777 Expofitio
662 2679 910 2772 quorumdam
928 2669 1150 2774 propofitio·
1180 2732 1184 2739 .

63 2806 158 2855 num
182 2804 229 2852 ea:
250 2784 322 2875 Ep.
350 2781 400 2850 ad
418 2785 609 2852 Romanos
629 2777 709 2850 Lib.
725 2784 771 2858 1,-
803 2770 990 2878 Epiltolae
1008 2780 1058 2849 od
1073 2782 1151 2849 tto-—

61 2906 200 2957 tconos
217 2880 392 2953 inchoata
413 2872 603 2979 Eapofitio
621 2899 732 2975 atque
747 2873 938 2978 Expositio
960 2869 1150 2975 Epistoloe

62 2985 116 3057 od
126 2981 325 3055 Galatas..
352 2980 1153 3054 IniamenarratiacommentationibusAu-

63 3081 235 3186 guitinus
253 3080 413 3157 ostendit
428 3084 506 3155 vim
522 3084 665 3179 ingenii
681 3106 723 3153 ac
738 3081 869 3153 iudicii
885 3081 1044 3175 satiaque
1062 3106 1151 3177 pro·

62 3185 190 3270 bavit,
218 3184 253 3255 se
278 3185 430 3257 dotibus
466 3185 693 3278 Scriptorum
717 3188 752 3255 S.
775 3182 1044 3278 interpretandi
1067 3207 1151 3253 non

64 3284 285 3361 destitutum
298 3284 416 3358 suilla.
467 3287 592 3357 Multa
610 3284 722 3368 dixit,
759 3309 852 3378 quae
869 3282 1000 3354 Codici
1016 3283 1147 3353 divino

62 3389 190 3463 lucem
208 3388 385 3483 praebent
403 3404 513 3481 atque
530 3387 732 3457 utilitatem
750 3380 928 3468 afferunt,
966 3385 1063 3455 hanc
1083 3408 1150 3454 au·

63 3508 145 3563 tem
161 3487 210 3560 ob
227 3485 384 3559 caussam
399 3487 546 3559 laudari
565 3487 710 3559 debent.
763 3493 842 3558 Nec
865 3504 990 3557 tamen
1017 3484 1151 3556 desunt

64 3590 179 3673 vitia,
215 3612 300 3661 cum
327 3590 408 3661 aliia
442 3588 664 3683 antiquioris
695 3584 874 3660 Ecclesiae
903 3586 1148 3670 Ductoribus,

64 3690 208 3791 poecis
229 3713 271 3762 ac
286 3690 432 3774 latinis,
467 3689 702 3774 communia,
737 3713 831 3782 quae
848 3686 983 3759 merito
1002 3686 1151 3781 vitupe-

63 3809 209 3865 rantur.
275 3791 495 3887 Digreditur
519 3790 623 3886 saepe
648 3815 668 3860 a
691 3788 888 3884 principali
913 3805 1150 3885 argumento,

63 3892 173 3990 quod
198 3892 446 3963 enarrandum
473 3888 542 3977 est,
582 3916 624 3962 ac
655 3891 701 3962 de
728 3889 968 3988 dogmatibus
994 3889 1150 3982 aliisque
1197 3910 1200 3923 ·

59 3992 178 4067 rebus
212 3988 356 4063 disserit.
419 3998 493 4063 Pro
521 3992 677 4090 ingenio
711 3990 778 4062 suo
810 3990 937 4061 subtili
967 3988 1153 4083 proponit

58 4090 318 4193 quaestionem
371 4118 442 4169 nec
482 4093 531 4166 ad
571 4115 703 4167 ornnes
736 4106 904 4167 accurate
938 4088 1149 4186 respondet.
