2542 4724
407 302 663 381 cenvll.
717 298 863 387 §.si-²
915 388 921 405 ,
1103 296 1180 377 ⁴45
1243 318 1246 323 '

86 502 122 560 et
137 485 185 559 ed
199 509 274 557 noe
290 484 423 569 delati,
446 484 793 583 magnrnr‚lnndenr
811 482 876 555 fibi
894 482 1199 579 acquisiverunr.¹

84 594 227 661 Lucem
251 588 309 659 illi
326 587 505 659 viderunt
522 582 609 657 cuin
628 588 864 657 coniunctim
883 586 925 659 in
941 586 1181 681 Bibliothecis

83 693 264 777 Putrrnn,
291 708 376 761 turn
393 689 589 783 separatim
616 714 704 759 cum
727 688 831 759 notia
855 686 1021 774 Barthii,
1056 694 1177 790 cygn.

85 790 196 867 1655.
221 790 258 865 8.
347 828 352 843 ·
487 874 490 881 ,
838 828 842 835 ·

186 918 386 989 Anium
418 922 576 987 annnr
597 932 647 1005 ¹et
678 920 921 987 chnnnrrn
952 920 1181 1018 Mitylenaei·

82 1016 192 1092 Libri
218 1019 264 1091 de
283 1020 578 1088 lrnmortositote
601 1014 753 1087 'animae
776 1032 813 1087 et
840 1019 1082 1090 Mortalitate
1099 1024 1181 1092 uni·

82 1111 194 1221 norst,
229 1120 296 1217 qui
321 1144 408 1191 curn
432 1114 684 1189 animadverff.
711 1112 819 1217 Cnsp.
845 1118 994 1189 Bortsn‘i
1015 1120 1186 1195 iunctim·

73 1221 310 1320 prodierunt
324 1220 424 1316 Lips.
444 1220 552 1293 1653.
578 1215 635 1302 lh,
668 1218 813 1314 saepius
833 1237 958 1290 autem
981 1220 1180 1316 separatim
1240 1292 1244 1299 ,

82 1326 125 1395 iu
148 1324 275 1405 lucem
302 1318 417 1394 eniish
440 1321 537 1392 sunt.
605 1326 685 1391 lem
711 1320 892 1393 'enarratio
925 1322 1177 1417 Scriptoribua

81 1422 300 1523 irmgendue
316 1420 383 1495 else
398 1424 549 1495 videtur
570 1426 767 1493 lucrinus
785 1426 944 1520 Mertyr
963 1420 1013 1495 ob
1029 1429 1178 1520 'Accepe-

81 1530 147 1617 ἠν
165 1518 331 1617 impleor
343 1531 434 1597 τινῶν
448 1525 724 1617 Ἀριστοτελικῶν,
738 1510 987 1618 ,Eversionenr
1001 1548 1178 1618 quorum-

84 1630 177 1699 dum
202 1628 426 1727 dogmatum
448 1616 789 1718 Aristotelicorum,
830 1624 896 1719 qui
920 1624 1072 1697 libellua
1095 1626 1178 1723 ipsi,

81 1748 279 1825 tamquam
295 1728 472 1811 Auctori,
501 1752 520 1797 e
544 1727 731 1823 plerisque
757 1724 948 1823 tribuitur.
998 1733 1089 1799 Non
1113 1727 1177 1802 de·

81 1830 172 1903 sunt
186 1848 332 1912 tamen,
369 1826 435 1925 qui
454 1846 613 1925 negant,
649 1830 709 1898 vel
728 1844 827 1898 certe
846 1824 1041 1913 dubitant,
1068 1826 1175 1903 Iusti-

79 1956 178 2005 num
201 1920 438 2025 Everfionern
461 1929 555 2009 hanc
578 1924 758 2025 scripsisse.
811 1928 982 2002 Libellus
1001 1930 1080 2026 ipse
1094 1956 1176 2003 non

80 2056 267 2133 magnum
288 2050 529 2103 momentum
547 2031 677 2115 habet,
712 2055 782 2101 nec
800 2029 970 2101 eamdem
990 2056 1076 2104 cum
1091 2034 1177 2105 reli·

82 2136 169 2231 quit
183 2129 314 2205 Iustini
329 2131 589 2205 monumentis
606 2132 829 2230 dignitatem
847 2148 985 2205 tuetur.

185 2288 289 2380 Quae
303 2282 378 2353 iam
397 2282 493 2352 dicte
513 2280 599 2351 sunt
616 2280 662 2352 de
679 2280 920 2377 Philosophia
937 2286 1090 2357 Petrum
1106 2291 1176 2360 Ec·

80 2383 230 2467 dehac,
264 2384 312 2455 ad
334 2409 373 2455 ea
398 2381 612 2455 illustranda
638 2402 750 2476 utque
771 2383 921 2453 uberius
942 2387 1175 2479 explananda

80 2492 156 2561 Π.
177 2492 262 2559 DD.
279 2487 319 2556 in
338 2486 481 2580 scriptis
499 2485 572 2556 suis
595 2484 811 2555 adiumenta
827 2484 1028 2579 praebent,
1055 2512 1176 2583 quum

79 2586 338 2685 vel'lingulari
356 2584 500 2671 lindio,
535 2587 597 2657 vel
613 2585 738 2657 oblata
761 2584 951 2659 occasione
977 2586 1023 2659 de
1040 2590 1175 2667 eodem

80 2706 308 2791 argumento
345 2687 608 2783 exposuerunt.
676 2687 779 2781 Ipsae
815 2692 1173 2777 commentationes,

80 2814 175 2885 quas
197 2789 512 2887 conscripserunt,
551 2788 687 2884 partim
716 2788 922 2886 generatim
949 2789 994 2861 de
1018 2796 1175 2867 Petrum

79 2890 342 2987 Philosophia,
375 2892 512 2985 partim
542 2888 732 2985 speciatim
767 2890 813 2959 de
846 2912 976 2961 eorum
1000 2893 1189 2965 Philoso·'

78 2994 170 3091 phin
202 2993 392 3064 Platonica
432 2993 550 3087 deque
574 2988 750 3089 singulari
768 2989 976 3085 antiquiori
999 2997 1173 3067 Doctore

10 3172 15 3181 ,
78 3113 212 3191 agunt.
265 3096 399 3189 Quales
416 3094 472 3163 illi
488 3093 579 3177 lint,
606 3088 788 3163 monstrat
803 3115 956 3176 eorum,
988 3098 1054 3189 qui
1068 3122 1173 3171 nuno

77 3196 396 3279 narrationem,
428 3195 572 3265 tabula:

180 3326 389 3393 Pnotnnrr
410 3325 654 3391 Gnunnnrn
684 3318 871 3414 Opuscuso
895 3324 995 3391 tria:
1030 3324 1091 3394 De
1114 3348 1170 3395 er-

77 3446 164 3494 rore
179 3424 449 3505 Sertoriorum,
477 3420 582 3491 surius
604 3424 779 3515 tenrporis
804 3420 1038 3520 labyrintheo
1046 3450 1064 3503 ,·
1098 3426 1169 3497 Co-

77 3538 192 3595 nutus
224 3526 261 3593 in
292 3516 444 3621 Genefin
469 3522 635 3592 divinant
665 3543 805 3599 nomm
847 3526 893 3593 de
913 3523 1171 3625 philojopsricis

76 3622 312 3721 opinionibus
327 3639 493 3695 veterum
509 3614 690 3719 Eecsefioe
704 3626 881 3709 Petrum,
902 3624 990 3699 Pisis
1005 3625 1111 3699 1644.
1129 3626 1169 3703 4.

75 3730 125 3796 ln
140 3724 279 3797 ultimo
297 3727 489 3820 Opusculo
513 3726 655 3795 multae
670 3724 950 3821 philosophicae
966 3728 1170 3822 opiniones

74 3832 233 3899 Petrum
266 3828 500 3898 recensentur
539 3826 661 3920 adque
691 3821 738 3896 ad
769 3825 889 3898 varias
925 3826 1170 3923 quaestiones,

74 3950 175 4023 quae
207 3928 282 4000 huc
312 3929 522 4023 pertinent,
563 3927 819 4022 respondetur.
888 3932 985 4000 Sunt
1007 3930 1047 3999 in
1072 3930 1170 4001 illiat

75 4034 154 4101 Gur
171 4030 426 4102 Tertullianus
453 4029 624 4103 everterit
641 4027 951 4124 Philosophiam?
983 4036 1088 4101 Num
1111 4031 1171 4101 su·

70 4126 272 4229 perstitiosi
297 4128 517 4228 Philosophi
541 4130 722 4229 quaedam
746 4154 769 4203 o
791 4130 905 4205 Mose
929 4128 1168 4228 acceperint?
