2542 4724
129 268 207 361 ⁷36
442 266 523 335 nr
550 280 586 331 r.
619 260 717 331 ιιι.
769 260 805 347 a.
835 254 921 339 134.

130 473 231 535 recta
254 468 367 547 atque
383 462 553 521 accurata
576 444 685 530 diota
704 441 857 515 uberius
873 460 1024 518 enarrat
1040 450 1106 521 Io.
1126 454 1229 523 Dar,-

132 568 265 633 ntnv‘s
295 554 341 624 de
362 574 449 622 vero
469 542 533 649 usu
553 550 714 617 Patrum
733 543 832 615 Libr.
852 546 904 617 11.
925 553 1015 643 Cap.
1033 542 1080 623 4.’
1092 576 1133 645 p.
1151 550 1230 627 273.

231 662 529 735 Lacuturtns,
555 649 766 744 praeclarus
791 648 946 743 quidem
971 668 1132 737 orator,
1157 654 1231 749 phi·

130 760 317 854 Iosephus
357 768 484 825 autem
523 775 566 821 ao
606 749 808 845 theologus
842 750 1000 821 minime
1037 754 1231 841 excellens,

132 864 253 937 multa
271 856 437 937 tradidit,
466 852 657 922 averitate
680 850 874 921 doctrinae
897 848 1047 925 nollrae
1074 852 1232 927 christia·

133 989 207 1037 nae
236 959 400 1033 maxime
431 954 562 1023 aliena.
630 958 732 1023 Inter
758 971 901 1025 veteres
925 940 1230 1029 Hmuournus

133 1054 249 1160 Epist.
267 1064 349 1129 XII.
372 1057 424 1127 ad
438 1051 654 1141 Paullinrua
672 1078 759 1124 euna
775 1076 858 1125 non
876 1053 971 1127 adeo
989 1076 1132 1151 aptum
1149 1060 1233 1131 exti-

92 1182 99 1200 ·
133 1164 214 1239 tillo
239 1162 287 1233 ad
311 1156 490 1230 tradenda
516 1173 553 1227 et
575 1154 833 1226 confirmanda
865 1156 1065 1254 religionis
1089 1156 1231 1233 nostrae

115 1260 325 1363 dogmata,
353 1258 495 1333 censet:
526 1260 760 1341 Lactantius,
787 1257 922 1351 inquit,
951 1252 1058 1357 qurrfi
1083 1264 1232 1356 qrrirlum

125 1364 271 1464 fluvius
292 1362 522 1457 eloquentiae
542 1358 750 1429 Tullianae.
793 1361 971 1443 Utinam,
1001 1375 1089 1433 tam
1110 1354 1231 1457 nostre

135 1464 357 1569 eorfirmare
378 1450 573 1557 potuiffet,
641 1482 729 1527 uam
749 1456 864 1555 facile
889 1460 1014 1531 aliena
1042 1456 1228 1559 destruxit.

133 1572 223 1645 Alio
249 1584 375 1639 autem
399 1568 502 1647 loce,
526 1486 677 1655 Epillqol.
697 1566 795 1631 XLI.
817 1561 867 1629 ad
884 1562 1181 1639 l’armnaclrium
1200 1578 1230 1639 et

136 1656 344 1751 Oceanara,
386 1680 499 1739 notat
523 1664 602 1734 eius
624 1686 790 1733 errorent
815 1662 860 1733 de
882 1662 1027 1757 Spiritu
1047 1670 1085 1737 S.
1154 1674 1228 1741 Inio

135 1796 254 1867 quum
272 1769 473 1865 inscriptis
491 1768 593 1837 illius
616 1764 758 1835 multae
781 1763 868 1834 sunt
887 1762 1100 1841 sententiae
1117 1770 1165 1841 ab
1180 1794 1228 1843 eo·

50 1932 54 1945 .
135 1862 337 1945 cleliasti'cis
355 1873 618 1951 abhorrentes,
647 1865 773 1939 voluit
794 1866 1004 1960 Episcopus
1021 1872 1225 1955 Romanus,

134 1993 179 2047 ut
195 1970 259 2044 ista
278 1972 318 2041 in
336 1973 447 2044 censu
463 1972 649 2041 librorum
664 1970 970 2061 apocryphorum
990 1969 1225 2045 haberentur.

74 2116 83 2131 ·
133 2074 409 2149 trecentiens·
443 2073 572 2145 aetatis
596 2068 827 2141 Auctoribus
853 2068 953 2139 idern
980 2064 1033 2141 est
1060 2072 1225 2145 observa·

133 2195 230 2249 tum.
272 2178 377 2247 Anu.
397 2183 664 2257 Scutarios,
694 2166 1042 2263 quuminonuillet,
1070 2178 1224 2247 Lactan-

133 2280 234 2351 tium
249 2278 433 2349 maiorem
454 2300 604 2371 operam
622 2273 660 2343 in
679 2270 777 2342 fallis
796 2268 1031 2355 refutandis,
1060 2278 1223 2370 quantia

133 2380 231 2459 veris
249 2380 517 2450 confirmandis
532 2374 701 2472 posuille,
723 2372 826 2443 addit
843 2376 1052 2445 inMedull.
1064 2378 1222 2477 theolog.

132 2485 240 2553 Patr.
259 2504 295 2575 p.
311 2479 421 2552 422:
453 2483 543 2551 Ideo
561 2472 788 2574 araucajirlei
805 2466 949 2571 nostrae
970 2481 1107 2571 capita
1127 2482 1223 2577 plene
1265 2478 1267 2495 '

133 2582 182 2654 ab
202 2608 242 2653 eo
251 2576 343 2683 sient
359 2576 535 2681 exprofita,
551 2582 727 2677 pleraque
744 2592 892 2646 tautum
909 2580 1054 2675 attigit,
1065 2584 1222 2675 pluriraa

133 2709 208 2755 non
223 2686 413 2755 intellexit.
465 2688 520 2756 Ac
539 2683 710 2777 quamvis
729 2684 798 2749 Gt.
815 2686 991 2748 Battus
1011 2681 1052 2751 id
1071 2704 1170 2783 agat,
1186 2700 1221 2755 ut
1266 2686 1268 2767 l

130 2787 372 2857 Lactantiunr
398 2812 484 2857 cum
507 2786 658 2879 reliquis
675 2781 878 2877 Patribus,
894 2781 959 2874 qui
985 2802 1078 2855 ante
1096 2786 1221 2857 Conti-

129 2889 224 2959 lium
242 2889 451 2959 Nicaentun
468 2888 656 2970 vixerunt,
684 2883 728 2955 ab
746 2882 949 2953 Arianismi
966 2882 1056 2955 labe
1075 2905 1221 2987 purget,

131 2988 178 3061 de
195 3012 240 3059 eo
258 3006 382 3059 tamen
400 2990 450 3059 ita
462 2990 695 3083 pronuntiat,
710 2976 1221 3081 Delerrsiorr.sirleiNicaeuae

131 3094 227 3161 Sect.
248 3092 305 3163 ll.
335 3096 420 3183 Cap.
444 3092 501 3163 tl.
530 3088 564 3173 ὦ.
589 3090 624 3161 4.
653 3116 689 3183 p.
711 3088 815 3157 ltu:
856 3090 953 3181 Erat
971 3090 1150 3184 Scriptor
1171 3090 1220 3161 ille

129 3216 223 3288 pene
247 3192 347 3261 realis
363 3186 574 3291 discipliuae
597 3182 816 3286 christianae
840 3200 875 3257 et
892 3185 929 3255 in
947 3186 1140 3265 rhetorica
1158 3216 1220 3263 me·

130 3294 218 3377 lius,
245 3319 358 3388 qrram
378 3298 414 3363 in
433 3293 624 3391 theologia
639 3284 815 3389 versatus.
871 3292 924 3357 Ea
942 3289 1042 3383 ipsa,
1074 3320 1170 3389 quae
1186 3296 1220 3365 in

128 3395 235 3466 libris
262 3394 335 3465 suis
360 3395 486 3466 nunus
513 3414 610 3465 recte
633 3414 746 3487 atque
766 3407 934 3461 accurate
953 3394 1137 3482 tradidit,
1162 3418 1221 3467 net
1270 3471 1271 3479 ,

128 3498 325 3593 pauciora,
353 3520 422 3567 nec
448 3514 579 3567 cuncta
598 3497 740 3565 leviora
757 3490 863 3575 l'unt3
891 3488 953 3561 sed
978 3494 1220 3589 deprehendi·

128 3622 214 3669 ntus
236 3598 275 3666 in
293 3597 367 3666 illis
385 3622 550 3679 erronea,
578 3624 673 3691 quae
689 3596 736 3666 ad
753 3596 896 3667 lumina
914 3595 1118 3691 religionis
1135 3600 1220 3673 elui·

128 3696 265 3771 stianae
296 3698 417 3791 capita
452 3699 625 3793 spactant.
691 3700 750 3769 De
770 3701 855 3765 Dea
889 3692 1051 3769 allirniat
1077 3700 1218 3773 Libat.

128 3792 246 3899 Instit.
274 3802 383 3869 (liviri.
410 3804 497 3895 Cap.
523 3804 580 3871 11.
615 3802 649 3889 ᾗ.
675 3798 757 3881 ltu,
793 3798 838 3867 ab
871 3822 915 3867 eo
950 3798 1022 3870 ello
1047 3802 1218 3881 alienum.

129 3926 357 3997 qnerrrquani
382 3902 509 3973 iuvare
534 3921 569 3971 et
596 3904 679 3997 opis
705 3900 847 3995 aliquid
864 3900 902 3969 in
921 3925 1012 3971 curn
1034 3904 1217 3977 couleur:

127 4006 318 4075 nerninem
336 4028 422 4073 curu
438 4002 487 4073 lic
504 4004 663 4097 precari,
691 4022 735 4072 nt
751 4002 914 4073 adiuvet.
950 4007 1055 4075 Eunt
1072 4002 1216 4105 nagalle,

130 4109 312 4201 Spiritum
328 4102 366 4177 S.
391 4106 430 4177 in
455 4104 653 4180 divinitate
675 4104 743 4179 elle
767 4104 986 4199 personam,
1023 4128 1215 4207 eamquea
