2542 4724
331 268 368 353 0
393 292 420 345 a
443 292 481 345 r.
507 272 588 353 XV.
639 270 674 365 §.
703 268 908 355 143.1tt.·
1091 279 1168 359 773

67 453 317 539 hotcfiantas
347 454 595 536 differentiam
618 456 705 549 elle,
723 456 761 553 *)
794 463 907 539 etiam
938 488 1044 539 nunc
1065 490 1165 542 acer.

67 562 165 639 rime
189 562 441 647 contendant,
468 581 580 658 atque
596 562 690 634 adeo
712 560 861 640 facilem
878 568 923 639 ab
939 568 998 639 his
1015 567 1063 645 ad
1078 571 1166 641 illo·

66 688 157 739 rum
188 664 284 735 sacra
317 663 511 736 transitum
549 662 710 757 speciose
741 669 1019 742 commendent·
1086 670 1165 749 Atii

68 783 201 837 contra
227 767 273 839 ad
303 767 367 839 diu
386 784 549 860 receptas
568 765 782 861 disciplinae
800 767 884 841 suae
901 768 1088 847 formulas
1107 773 1163 847 ita

65 866 352 957 adhaerescunt,
378 886 493 943 utne
518 886 645 944 totum
672 867 824 962 quidem
849 895 1015 973 unguem
1032 873 1163 947 abhac

50 966 151 1067 'lege
174 987 212 1041 et
236 994 371 1045 norma
394 968 588 1071 proposita
613 970 752 1041 discedi
770 971 972 1064 patiantur.
1026 974 1084 1046 Ab
1100 976 1160 1049 his

66 1068 187 1169 igitur
220 1072 414 1143 doctrinae
438 1088 477 1145 et
498 1071 818 1167 interpretationis
843 1073 1014 1167 publicae
1038 1075 1160 1147 lacro-

64 1196 174 1259 rum‚
207 1198 303 1268 quae
327 1172 374 1245 ab
409 1196 453 1244 eo
485 1173 574 1245 inde
605 1196 719 1258 aevo,
756 1173 860 1267 quod
885 1172 1159 1269 Apostolorum

65 1293 226 1349 aetatem
245 1275 455 1351 inlecutum
473 1270 532 1359 est,
559 1300 625 1370 per
644 1292 772 1347 coetus
790 1271 1007 1351 christianos
1020 1279 1066 1353 ad
1083 1302 1157 1355 nos

60 1377 261 1465 translata,
295 1393 350 1459 et,
378 1377 532 1453 mutatis
555 1400 625 1471 pro
647 1402 685 1452 ra
711 1396 799 1453 nata
822 1378 1033 1461 mutandis,
1069 1400 1158 1455 con·

60 1476 203 1555 servata
219 1477 262 1550 lit
286 1478 520 1565 (traditiones
537 1470 789 1578 eccleſsiasticas
804 1481 923 1579 vulgo
946 1480 1157 1579 appellant)

60 1578 179 1653 huius
207 1582 324 1679 igitur
358 1581 550 1653 doctrinae
574 1598 610 1653 et
634 1582 954 1674 interpretationis
984 1581 1156 1675 publicae

60 1680 311 1755 sinceritatem
340 1684 487 1781 magnis
519 1681 641 1754 adhuc
664 1682 839 1755 laudibus
870 1682 914 1752 ab
939 1680 997 1753 his
1021 1677 1152 1768 efferri,

60 1786 269 1881 multisque
285 1786 476 1856 rationum
492 1783 689 1855 lenociniis
704 1782 745 1853 id
761 1784 823 1881 agi
836 1783 977 1870 videas,
1005 1802 1048 1853 ut
1059 1784 1156 1877 nihil

61 1886 173 1971 certi,
198 1884 268 1957 nili
285 1886 453 1955 adsumta
470 1886 539 1955 hac
552 1886 641 1957 fidei
660 1902 697 1955 et
716 1885 816 1955 vitae
832 1887 979 1981 regula,
1007 1884 1053 1957 de
1069 1886 1152 1956 reli·

60 1988 189 2087 gionis
209 1986 314 2059 causa
331 1983 439 2058 statui
455 1984 574 2083 polle,
602 2004 715 2080 atque
737 1984 824 2055 ideo
852 1985 897 2055 ab
918 1987 1151 2079 antiquitatis

58 2090 203 2163 iudicio
221 2107 259 2161 et
275 2089 497 2159 auctoritate
513 2089 623 2160 unice
639 2084 811 2159 standum
829 2084 913 2170 elle,
939 2087 1052 2159 nobis
1069 2113 1151 2181 per·

10 2264 13 2277 ,
57 2188 242 2265 fundent?
271 2189 416 2283 Ecquid
430 2190 548 2285 igitur
563 2191 603 2260 in
620 2188 695 2259 hoc
710 2188 871 2287 negotio
890 2185 1150 2284 praestandum

10 2354 12 2381 ,
57 2290 230 2391 putatis?
267 2298 370 2363 Num
387 2291 470 2385 quis
487 2291 532 2361 iis
552 2314 764 2371 occurrere.
793 2308 858 2360 aut
881 2290 927 2359 ad
945 2315 1074 2371 eorum
1094 2315 1149 2360 ar-

10 2448 14 2477 -2
57 2413 237 2495 gumenta
262 2393 484 2487 respondere
506 2390 634 2487 pollrt,
668 2395 836 2490 neglecta
859 2393 1024 2463 lectione
1047 2409 1147 2463 vete·

12 2550 16 2581 ÷
55 2522 142 2567 rum
160 2492 373 2568 librorum?
400 2500 512 2589 Saepe
528 2488 586 2563 illi
602 2492 647 2563 ab
664 2492 860 2589 imperitis,
888 2495 947 2564 vel
965 2492 1147 2565 mediocri

10 2644 17 2693 ς
54 2596 442 2695 saltemantiquitntis
460 2595 606 2667 scientia
631 2592 818 2669 instructis
844 2594 1076 2678 advertariis,
1102 2612 1146 2665 ut

10 2744 19 2793 t
53 2700 168 2773 multi
185 2698 339 2771 luerunt
358 2716 393 2769 et
409 2700 531 2770 adhuc
548 2698 653 2785 sunt,
679 2696 877 2767 victoriam
893 2695 1002 2769 facile
1018 2721 1145 2791 repor-

10 2854 15 2871 ,
53 2818 203 2883 terunt,
231 2819 328 2871 certe
354 2801 390 2869 in
420 2798 602 2895 angustias
630 2824 703 2871 nos
723 2800 956 2895 redegerunt.
1009 2796 1143 2887 Nostra

10 2950 14 2983 ,
50 2902 265 2999 praesertim
291 2918 410 2971 aetate
432 2927 516 2972 cum
542 2904 635 2974 bone
659 2901 779 2974 doctis
802 2918 838 2971 et
862 2900 994 2971 harum
1021 2900 1142 2970 litera·

47 3028 135 3077 rum
146 2999 267 3074 studio
278 3004 483 3074 exercitatis
500 3003 713 3075 adversariis
730 3002 948 3078 certandum
958 2998 1018 3084 est,
1036 3000 1143 3096 quod

48 3104 118 3203 qui
139 3106 393 3203 aggrediatur,
420 3130 500 3175 non
525 3104 674 3201 vulgari
697 3104 830 3175 harum
857 3105 1050 3175 literarum
1074 3128 1141 3197 cp·

44 3226 184 3309 paratu
198 3207 368 3279 munitus
392 3223 429 3279 et
446 3227 649 3279 exornatus
665 3204 728 3293 lit,
753 3202 893 3278 nocella
912 3201 972 3277 est.

509 3448 545 3535 a.
599 3440 683 3517 aar.

151 3610 369 3687 Addendus
387 3610 443 3686 est
464 3608 545 3713 usus
572 3616 743 3698 tumulis,
768 3634 854 3687 non
878 3608 929 3687 tle
949 3611 1043 3687 solis
1067 3618 1139 3687 Pa-

39 3732 155 3793 trum
184 3712 337 3813 scriptis
369 3712 612 3802 moralibus,
647 3712 715 3787 led
739 3712 925 3789 universe
950 3714 1000 3788 de
1025 3716 1137 3789 libris

42 3840 192 3892 eorum
215 3815 514 3916 intelligendus.
568 3818 694 3919 Saepe
717 3819 761 3891 in
784 3816 862 3891 illis
879 3792 1137 3891 lrurtmouita

37 4000 254 4019 μ-

77 4066 205 4189 'chlQl
232 4070 253 4123 l·
279 4072 332 4159 Qu.
361 4072 478 4153 Wnccrr
502 4074 642 4131 lliblt'ollr.
665 4074 754 4135 theol.
784 4074 829 4135 ll,
852 4082 913 4139 δῦ.
958 4078 1133 4139 scursonem

156 4134 229 4204 rtlll·
249 4138 383 4214 ttoeJct.
394 4144 455 4215 sert
471 4144 501 4202 d.
518 4144 685 4218 Marma&
705 4146 770 4211 llll,
784 4152 846 4211 268.
