2542 4724
386 232 388 236 ’
438 218 592 298 Ct'r.
628 228 677 299 X.
730 218 875 317 §.tot
960 270 999 328 ·,
1121 228 1197 308 615

100 431 342 485 'summus
365 407 464 481 libro
489 408 534 481 de
557 404 912 510 Praescriptionibus
935 426 1067 486 contra
1089 416 1195 491 Hae·

96 516 241 594 reticos,
259 536 335 605 quo
355 536 503 582 novum
521 513 694 598 modum,
714 514 933 586 Haereticos
951 515 1192 615 profligandi‚

96 610 216 683 iniisse
248 636 291 683 ac
319 611 479 683 laudasse
511 611 671 685 videtur.
726 616 919 688 Vocabulo
951 618 1053 687 enim
1075 622 1192 690 Prae-

84 704 303 811 scriptionis
328 716 440 785 talem
465 712 697 810 significandi
721 716 801 787 vim
827 716 970 801 tribuit,
1002 719 1122 813 qualis
1147 720 1191 793 in

95 815 243 887 Scholia
265 820 351 887 Iure
366 814 639 886 Consultorum
664 812 793 888 usitata
820 814 881 902 est,
909 844 1101 915 quumque
1120 845 1190 917 per

94 914 195 987 illud
230 940 312 987 eam
345 915 537 986 bonorum
567 914 824 1011 possesionem
860 919 1059 1016 intelligit,
1094 946 1191 1019 quae

92 1014 268 1113 longiori
293 1017 477 1112 temporis
504 1015 622 1111 spatio
646 1016 847 1104 fetaretur,
871 1021 1077 1093 Haereticis
1095 1022 1192 1095 anti·

94 1118 281 1213 quitatem
297 1143 406 1190 verae
424 1118 616 1189 doctrinae
633 1120 798 1215 opponit
812 1138 925 1214 atque
942 1147 986 1192 ex
1004 1146 1063 1200 eo.
1084 1124 1190 1221 quod

92 1218 154 1291 illi
176 1243 277 1291 nove
305 1219 482 1317 dogmata
508 1219 671 1307 tradant,
699 1220 862 1317 coniicit,
890 1223 980 1293 haec
1004 1221 1094 1295 falsa
1119 1220 1190 1297 esse

90 1320 208 1415 ¹atque
238 1345 404 1391 erronee.
460 1326 581 1417 Quem
607 1322 895 1419 argumentandi
917 1323 1080 1396 modum
1104 1350 1190 1405 non

90 1422 206 1516 plane
228 1441 372 1493 rectum
396 1437 509 1516 atque
524 1442 740 1495 accuratum
756 1420 841 1509 esse,
866 1424 942 1495 iam
961 1423 1107 1497 dudum
1125 1426 1190 1499 de-

92 1539 276 1593 notatum
300 1519 360 1595 est.
413 1524 531 1618 quue
555 1540 593 1595 et
608 1550 666 1596 res
682 1523 760 1620 ipsa
774 1521 969 1597 monstrat.
1020 1526 1188 1601 Nonea·

92 1621 182 1693 dem
198 1623 294 1696 ratio
311 1621 360 1697 est
376 1624 553 1710 veritatis,
573 1650 614 1697 ac
632 1626 844 1709 bonorum,
871 1650 1036 1722 quorum
1061 1626 1189 1699 homi·

89 1747 160 1797 nes
186 1724 334 1797 domini
359 1725 464 1808 suut,
491 1742 528 1797 et
553 1727 726 1821 quamvis
751 1727 967 1813 veritatem,
992 1728 1034 1799 in
1052 1720 1089 1799 se
1105 1730 1187 1823 spe·

90 1842 245 1917 ¹etatem,
265 1852 389 1898 errore
407 1827 660 1921 antiquiorem
678 1825 758 1912 esse,
778 1826 917 1901 constet
923 1855 937 1913 3
964 1829 1187 1928 contingere

89 1942 220 1999 tamen
233 1924 373 2022 potest,
392 1947 435 1999 ut
454 1930 536 2023 quis
555 1955 619 2024 per
636 1930 792 2028 longius
811 1946 978 2024 tempus,
996 1957 1062 2025 per
1080 1931 1188 2026 quod

88 2052 291 2121 erroneum
328 2030 468 2127 dogma
499 2029 746 2125 approbavit,
779 2029 815 2100 se
849 2032 1071 2125 aliquando
1091 2032 1188 2104 veri·

85 2146 206 2201 tatem
248 2129 430 2216 habuisse,
472 2131 634 2229 ignoret.
695 2130 971 2229 Adiungendus
1007 2128 1056 2203 est
1087 2139 1187 2205 Vm·

90 2254 272 2303 cunnus
298 2224 497 2329 Lerinensts
524 2233 572 2304 ob
601 2235 896 2304 Contrnonitoria
918 2232 992 2303 duo
1011 2257 1095 2327 ·pro
1121 2258 1185 2305 ca-

86 2330 253 2403 tholicae
263 2328 363 2432 fidei
385 2338 609 2428 antiquitate
634 2348 670 2405 et
695 2328 970 2433 universalitate
993 2335 1078 2404 orsu.
1093 2359 1184 2431 pro·

82 2430 206 2533 fanos
230 2439 396 2513 cranium
419 2429 612 2534 haereseon
637 2439 873 2520 rtouationes,
898 2426 1005 2521 liber',
1036 2435 1077 2506 in
1103 2458 1182 2532 quo

87 2534 308 2609 Vincentius
346 2538 589 2609 commendat
631 2535 875 2609 traditionem
905 2532 1086 2609 Ecclesiae
1122 2562 1184 2609 ca·

83 2636 262 2731 ‚tholiceq
298 2640 416 2711 veluti
453 2636 688 2712 certissimam
721 2634 1060 2731 controversatum
1080 2664 1184 2711 -nor-

84 2760 192 2835 mam
206 2758 260 2827 et,
277 2758 322 2813 ut
338 2742 533 2835 persuadet
547 2739 632 2826 fibi,
661 2740 846 2837 optimam
862 2739 1062 2825 rationem,
1081 2744 1181 2813 Hae·

85 2840 226 2915 reticos
252 2838 459 2914 refellendi.
514 2843 698 2941 Quocirca
719 2866 802 2913 non
827 2841 967 2913 mirum
990 2836 1049 2924 est,
1074 2840 1182 2937 quod

85 2938 184 3013 liber
200 2940 261 3017 hic
278 2944 380 3039 apud
397 2946 592 3018 Pontificis
606 2950 716 3017 Rom.
735 2940 965 3015 assectatores
979 2936 1179 3041 in‘magno

77 3038 133 3133 'sit
156 3042 302 3119 honore
325 3064 435 3139 atque
456 3044 728 3118 existimatione
749 3043 979 3138 summisque
1001 3042 1181 3117 laudibus
1253 3058 1260 3067 “

83 3140 129 3215 in
160 3146 305 3219 caelum
341 3142 524 3218 asseratur.
581 3150 630 3220 At
653 3171 743 3221 vero
772 3142 995 3218 traditiones
1022 3143 1182 3223 minimo

83 3264 227 3319 rectam
262 3265 400 3321 certam
425 3246 650 3343 facilemque
670 3248 772 3319 viam
795 3242 1000 3319 monstrare
1024 3244 1072 3315 ad
1093 3246 1181 3321 lites

85 3346 344 3434 decidendas„
369 3351 448 3445 imo
489 3374 577 3421 cum
602 3350 714 3437 uariis
746 3349 868 3445 iisque
902 3346 1076 3419 maximis
1108 3344 1183 3417 dif-

82 3448 317 3524 ficultaribus
340 3452 561 3523 coniunctas
582 3448 662 3534 esse,
687 3451 781 3521 adeo
799 3467 843 3520 ut
858 3448 925 3520 ubi
939 3448 1074 3545 pedem
1089 3463 1178 3519 tuto

80 3546 227 3647 ponere
250 3552 372 3636 liceat,
400 3553 441 3625 in
464 3552 539 3623 illis
564 3552 666 3625 haud
688 3553 915 3634 inveniatur,
931 3548 1180 3644 iamdudum

80 3658 273 3727 Doctores
305 3650 425 3725 nostri
459 3650 700 3725 ostenderunt
731 3672 842 3747 atque
869 3652 910 3721 in
936 3650 1179 3723 Vincentium

83 3754 293 3827 censoriam
339 3754 699 3826 animadversionem
740 3755 877 3825 merito
913 3752 1176 3823 adhibuerunt.

83 3861 168 3953 Qua
202 3873 240 3926 et
267 3856 354 3925 ideo
389 3858 525 3953 dignus
552 3857 728 3928 declarari
753 3856 872 3937 debet,
900 3854 986 3949 quia
1010 3852 1179 3948 perversa

82 3954 204 4029 caussa
227 3956 263 4029 se
287 3956 335 4027 ael
352 3958 577 4053 opusculum
594 3960 669 4030 hoc
685 3958 922 4029 scribendum
941 3953 1076 4025 adduci
1097 3952 1177 4047 pas-

81 4058 146 4135 sus
162 4054 224 4149 est,
246 4058 379 4137 favore
394 4059 569 4137 videlicet
586 4086 673 4161 erga
693 4054 1011 4157 Seuripelag'ianoe
1029 4072 1067 4129 et
1083 4055 1176 4127 odio
