2542 4724
134 275 214 357 658
447 242 533 349 cr
559 292 597 343 v.
623 274 724 343 xur.
777 270 927 361 §.122

137 477 336 564 praecepta
364 457 410 530 de
432 456 606 530 moribus
632 481 675 531 ac
690 452 773 528 'vita
799 475 898 531 recte
919 452 1153 533 instituenda
1174 461 1231 532 ha·

138 568 299 646 bantur,
326 559 516 655 speciatim
542 560 587 630 de
609 559 715 631 libris
739 559 911 643 edendis,
939 560 985 630 de
1002 559 1068 655 spe
1085 587 1131 635 ao
1146 565 1231 634 cari·

140 685 239 750 tate,
276 663 321 733 de
352 661 620 744 matrimonio,
661 660 706 730 de
741 660 995 744 continentia,
1039 666 1231 755 martyrio,

141 761 1233 861 amoreengainirnicosatquealiisgenerishuiusargumen-

93 914 96 921 ·
142 871 203 939 tis.
220 873 297 936 Nec
310 855 474 933 eiusdem
491 864 659 933 libellus:
680 866 770 963 Quis
786 857 1051 961 divessalotent
1069 857 1234 961 consequi

25 958 28 963 ⁵
48 978 51 983 '
143 958 273 1066 poffit?
290 969 357 1049 (tlte
375 966 390 1032 ὀ
407 966 580 1054 σωζόμενος
594 964 912 1059 alariarotssplatte
930 965 1170 1037 omittendus
1182 964 1233 1051 est,

145 1093 263 1163 quum
273 1066 335 1135 ille
344 1066 394 1134 ita
405 1064 559 1159 scriptus
569 1062 622 1146 srt,
636 1082 675 1133 ut
687 1060 994 1135 faeiiaittateriam
1005 1067 1157 1158 piarum
1170 1092 1235 1137 tue·

146 1169 376 1240 ditationum
397 1167 587 1259 praebeat,
615 1183 658 1235 ut
675 1165 760 1258 pios
776 1164 912 1237 mentis
929 1186 1060 1237 motus
1084 1170 1235 1239 excitare

146 1262 277 1366 possit',
305 1266 372 1335 ubi
388 1269 418 1337 is
436 1266 658 1347 cumdebita
681 1267 890 1336 attentione
905 1268 1065 1364 legatur.
1090 1271 1235 1341 Doctri-

143 1394 233 1443 nam
264 1369 467 1450 moralem,
505 1393 617 1461 quam
635 1366 675 1436 in
700 1367 804 1437 libris
828 1367 901 1439 suis
925 1368 1103 1463 scriptam
1131 1372 1232 1443 nobit

144 1470 321 1565 reliquit,
349 1493 430 1538 non
452 1470 563 1562 plane
589 1486 778 1562 expertem
803 1464 870 1538 esse
891 1493 1084 1555 errorum,
1112 1464 1231 1566 postea

146 1571 302 1644 anobis
332 1564 608 1639 monstrabitur.
671 1574 921 1640 Communem
958 1595 1048 1643 curn
1083 1574 1230 1670 reliquit

143 1669 324 1746 Ecclesiae
340 1669 510 1742 Patribus
536 1670 696 1742 docendi
720 1670 943 1769 methodum
968 1672 1154 1766 sequutus
1176 1672 1229 1761 est,

145 1772 192 1844 de
218 1766 314 1841 iusto
347 1789 458 1865 atque
486 1773 708 1842 accuratiori
733 1768 884 1853 ordine,
921 1772 967 1842 de
991 1774 1229 1869 compendio,

145 1873 192 1945 de
208 1867 399 1963 systemate
419 1871 612 1944 scribendo
633 1870 856 1943 incuriosus.
907 1874 1030 1945 Antea
1054 1876 1232 1951 adductus

144 1979 274 2047 Gener.
295 1979 371 2043 Tu.
389 1976 585 2045 Meterius
602 1975 627 2045 l.
645 2000 675 2045 c.
692 1979 729 2045 C.
748 1978 793 2044 X.
810 1976 845 2062 ᾗ.
863 1973 921 2045 14.
937 1973 1036 2047 hanc
1052 1979 1146 2050 tulit
1163 1981 1229 2051 sen·

141 2075 320 2147 tentiam:
357 2078 470 2145 Recte
489 2075 654 2146 Clemens
674 2098 821 2146 morum
840 2076 1054 2147 doctrinam
1076 2104 1128 2151 ec
1142 2084 1228 2153 Scri·

144 2189 259 2272 ptura
277 2178 315 2244 S.
333 2176 576 2246 derivandam
594 2178 712 2271 ducit,
741 2179 795 2246 uti
811 2178 871 2247 vel
888 2181 1070 2272 exprimo
1090 2184 1228 2255 Paedo-

141 2279 239 2374 gogi
250 2273 354 2367 ,libro
379 2269 522 2371 constat
538 2277 593 2366 *),
611 2271 741 2376 sedin
757 2281 1064 2373 interpretatione
1081 2287 1227 2355 nintiunt

141 2379 351 2470 ἁλληγορίζεε,
379 2391 416 2447 et
433 2379 532 2448 dicta
549 2384 827 2473 «scripturarum
840 2380 989 2475 placitis
1006 2406 1152 2469 eorum,
1175 2386 1227 2480 qui

137 2476 239 2577 soris
261 2472 367 2578 sarit,
383 2473 536 2578 saepius
553 2480 824 2550 accommodat.
877 2484 973 2550 Sunt
989 2480 1030 2551 lti
1048 2487 1225 2568 audiendi,

139 2604 268 2651 verrem
299 2594 340 2647 nt
364 2570 499 2666 ruzziae,
532 2605 605 2652 non
630 2596 672 2659 ut
691 2580 924 2676 philomelae.
986 2580 1225 2685 Demonstrat

130 2674 307 2780 subinde,
337 2684 391 2750 ita
414 2695 559 2767 tamen,
587 2696 923 2780 ntargttntentunt,
941 2676 1016 2783 snb
1037 2691 1225 2761 involucris

141 2776 376 2879 obscurorum
403 2780 599 2854 verborum
631 2784 804 2868 lotitans,
836 2787 957 2878 primo
991 2790 1135 2861 intuita
1162 2814 1224 2863 noa

139 2886 253 2953 cuivis
276 2897 421 2976 puteat.
475 2889 561 2955 Hoc
588 2910 748 2980 rtamque
764 2882 868 2982 egit,
896 2900 937 2955 ut
951 2879 988 2985 fi
1013 2895 1079 2983 qui
1090 2886 1226 2993 scripta

129 2976 205 3083 sua
233 2984 380 3079 legant,
402 2976 483 3081 stnt
510 2979 681 3080 laboriosi
704 3000 741 3057 et
764 3009 864 3057 aeres
891 2989 941 3057 ad
958 2993 1222 3077 inveniendum,
1267 3070 1269 3081 ¹

139 3084 455 3178 quetttadntodnnt
482 3089 519 3157 in
536 3081 621 3184 fine
634 3083 787 3186 septimi
808 3092 1049 3163 Stromatum
1072 3094 1158 3167 libri
1178 3096 1222 3165 lo·

138 3188 273 3280 quitur.
325 3188 475 3272 Multa,
499 3210 573 3258 tton
600 3192 746 3274 omnia,
775 3179 1072 3282 Christianorum
1100 3184 1221 3291 officia,

135 3283 205 3356 obs
233 3311 276 3356 ue
293 3300 418 3357 tanten
435 3289 579 3374 ordine,
608 3316 716 3384 quem
735 3294 772 3360 in
791 3291 1029 3364 Stronzatum
1045 3295 1150 3369 libris
1152 3288 1221 3395 sttr-

135 3312 234 3486 diosa
256 3389 440 3485 neglexit,
464 3380 634 3486 strenue,
664 3395 727 3487 qui
749 3383 798 3485 est
821 3385 928 3491 ipfius
955 3395 1077 3483 zelus,
1113 3412 1220 3499 terget,
1267 3452 1269 3457 .

136 3489 194 3557 ita
211 3500 252 3559 tet
270 3513 536 3589 nonnunquam
553 3494 710 3590 rigidior
729 3495 909 3566 videatur.
965 3498 1070 3570 Cave
1095 3516 1218 3583 aaran
1267 3542 1269 3555 ·

131 3585 266 3684 faciat
276 3614 358 3661 curn
366 3597 531 3664 Auctore
547 3597 583 3663 in
599 3592 789 3664 omnibus:
813 3620 886 3665 non
891 3588 1014 3693 sentes
1027 3604 1129 3673 enirn
1142 3626 1220 3701 gra·

130 3692 227 3760 viter
257 3686 381 3790 lapsus
411 3684 472 3791 est.
536 3696 681 3767 Scilicet
706 3689 815 3796 lapfis
844 3689 1049 3795 secundant
1083 3717 1218 3775 tantum

130 3854 364 3874 *u———n

164 3911 191 3980 ⁹)
208 3913 347 3966 Attamen
374 3912 435 3984 ipse
453 3911 588 3971 Cunaro
606 3914 737 3987 Paedag.
757 3916 780 3982 l,
796 3918 821 3974 9.
840 3916 897 3971 eil:
931 3916 972 3972 ‘0
992 3920 1053 3988 βίος
1070 3922 1086 3977 ὃ
1103 3924 1216 3999 Xenone

198 3986 266 4046 νῶν,
296 3976 327 4033 o⁰t
353 3984 602 4057 ςςιὸαγωγούμεθα
629 3992 672 4037 νῖν
680 4021 691 4046 ,
717 3985 842 4054 odoranti
867 3990 924 4040 sort
951 3992 1075 4062 λογικῶν
1093 3992 1215 4067 Ι«πράξω

195 4047 267 4126 Vita
295 4048 555 4129 Christianorum,
588 4070 681 4123 quam
706 4054 798 4109 modo
831 4055 992 4126 docemur,
1026 4058 1164 4134 Syltema
1183 4066 1214 4125 tl!

191 4125 351 4175 actionum
368 4126 488 4177 retrone
508 4138 727 4195 congruarum.
