2542 4724
134 270 212 344 eao
292 296 299 320 ι
404 204 715 338 'cunum
768 260 917 350 §.ua

71 520 77 549 ·.
135 476 202 527 cue
219 448 595 535 &Manichaeorum
622 475 787 548 quorum
805 448 911 545 prior
925 450 1033 523 velut
1048 473 1230 548 compen·

134 556 241 626 dium
261 554 454 624 doctrinae
469 554 623 623 moralis
640 551 905 645 complectitur
928 576 970 622 ac
986 549 1232 625 fundamenti

130 658 224 728 loco
243 655 411 750 ponitur,
441 654 699 725 soluchum
717 652 784 723 else
801 651 947 723 animae
964 650 1116 725 nostrae
1135 655 1231 727 sum·

66 804 70 821 .
133 782 242 828 mum
275 750 420 825 bontuu
450 754 598 848 hocque
621 756 778 824 nomine
804 754 911 848 supra
936 756 1068 824 omniu
1104 782 1242 839 aaran,

133 859 237 940 dum,
257 859 370 950 idque
388 858 546 927 oraculis
567 861 609 925 V.
636 880 677 925 ac
696 863 740 925 N.
754 862 796 925 Τ.
816 856 1103 948 comprobatur.
1144 860 1230 954 Qui·

54 967 61 988 ⁸
131 960 203 1029 bus
229 956 423 1051 expositis,
453 954 612 1045 ostendit
628 953 877 1053 Attgustiuus,
904 957 1065 1027 virtutes
1097 982 1230 1031 omnes

132 1060 230 1130 nihil
255 1059 357 1129 aliutl
382 1057 467 1140 esse,
505 1083 617 1151 quatu
642 1058 805 1127 diversos
829 1060 969 1128 alueris
997 1058 1123 1129 divini
1148 1086 1227 1131 mo·

132 1161 222 1231 dos:
250 1161 534 1252 temperantiam
550 1160 729 1243 nimiunn
748 1157 814 1251 esse
832 1184 1012 1241 amorem,
1043 1187 1126 1254 quo
1147 1164 1226 1256 quis

135 1261 172 1332 se
189 1267 273 1331 Deo
292 1286 428 1354 purum
451 1279 486 1330 et
505 1265 765 1352 incorruptum
784 1258 919 1343 [ει-νοις
945 1258 1228 1347 fortitudinem,

138 1387 329 1444 amorem,
366 1358 442 1453 quo
470 1362 552 1455 quis
578 1363 705 1429 omnia
734 1362 986 1454 libenter'pro
1014 1366 1140 1459 gloria
1164 1364 1230 1434 Dei

130 1465 305 1559 patiatur,
323 1463 362 1530 id
378 1463 481 1556 quod
499 1464 609 1533 etiam
630 1462 673 1531 de
691 1461 991 1532 aliisvirtutibus
1009 1465 1224 1535 dicendum.

131 1564 192 1635 Ad
217 1566 386 1660 regulum
413 1566 508 1632 lianc
528 1561 816 1633 Cluistianouun
841 1588 964 1634 mores
983 1565 1176 1661 diiudicat
1188 1590 1226 1636 ac

129 1666 228 1736 libro
262 1665 422 1734 sectuulo
450 1662 649 1746 monstrat,
686 1666 730 1733 ab
758 1666 812 1734 eax
830 1690 952 1735 mores
977 1670 1225 1737 Manichaeo-

128 1792 215 1836 rum
249 1768 364 1861 longe
395 1762 588 1836 discedere.
665 1773 744 1837 Nec
781 1767 1106 1860 praetermittendi
1141 1768 1223 1839 sunt

128 1866 621 1960 Libb.11Solitoqutorum,
658 1892 702 1937 eo
739 1866 894 1938 consilio
928 1866 1073 1961 scripti,
1112 1888 1158 1940 ut
1180 1894 1223 1941 ex

127 1967 202 2039 illis
229 1966 431 2053 discamus,
461 1969 656 2063 quomodo
681 1970 721 2038 iu
746 1969 965 2067 cognitione
982 1970 1057 2038 Dei
1082 1994 1128 2040 ac
1151 1972 1220 2041 vir·

127 2085 210 2141 tute
233 2068 412 2164 prostcere
439 2070 630 2164 queamus.
692 2076 786 2141 Sunt
812 2071 881 2139 alia
898 2071 1082 2141 Doctoris
1109 2072 1220 2143 huius

128 2190 378 2243 monumenta
397 2173 573 2256 moralia,
602 2198 696 2267 quae
719 2190 941 2241 autemnon
962 2189 1040 2241 tam
1063 2172 1115 2242 ad
1133 2174 1221 2243 ethi·

127 2296 229 2355 cam,
257 2297 371 2366 quam
403 2275 450 2343 ad
478 2273 808 2368 iurisprudeutiam
840 2273 1028 2355 divinam,
1065 2274 1219 2347 adeam

125 2373 342 2470 theologiae
367 2376 520 2445 moralis
546 2395 687 2470 partem
714 2375 920 2468 pertinent,
959 2398 1032 2466 qua
1059 2374 1108 2465 cle
1130 2376 1219 2473 legi·

124 2472 196 2546 bus
222 2475 359 2546 (livinis
381 2475 597 2569 'ciliciisque
621 2479 822 2545 homiuum
852 2478 1080 2568 e'xponitur3
1116 2478 1218 2547 Libri

127 2575 172 2647 de
208 2578 397 2672 Coniugiis
430 2579 671 2655 crclztlteriuis;
715 2578 760 2645 de
784 2578 984 2645 Mendacio
1022 2592 1058 2645 et
1090 2594 1219 2648 contra

121 2678 378 2761 Mendacium,
397 2678 441 2748 de
458 2679 592 2772 quibus
610 2698 720 2773 atque
736 2679 897 2747 aliorum
913 2683 1071 2747 Patrum
1090 2678 1216 2751 huius·

121 2779 230 2851 modi
258 2779 401 2874 scriptis
425 2778 547 2873 postea
563 2781 669 2875 plura
688 2780 843 2849 dicenda
868 2797 990 2849 erunt.
1045 2785 1092 2849 ln
1111 2806 1216 2879 argu·

119 2881 257 2951 ruentis
276 2881 481 2952 moralibus
498 2881 785 2976 pertractandis,
818 2876 1051 2977 Augustinus
1072 2882 1121 2952 ab
1140 2884 1216 2952 aliis

119 2981 292 3053 Patribus
312 2982 513 3077 discrepaq,
542 2982 607 3076 qui
628 2981 840 3077 praesertim
859 2999 945 3051 aute
967 3005 1057 3051 eum
1084 2985 1126 3053 in
1153 2983 1216 3055 do·

119 3083 238 3154 ctrina
255 3108 409 3154 morum
425 3084 577 3183 ingenia
595 3084 658 3154 sua
675 3101 930 3154 exercuerunt.
974 3088 1214 3180 Quamquam

118 3203 236 3257 artem
262 3184 486 3256 rhetoricam
513 3184 597 3256 esset
621 3183 804 3280 professus
830 3185 874 3253 ab
902 3185 1147 3277 eloquentiae
1164 3205 1213 3255 tt·

114 3310 204 3359 men
230 3286 351 3357 nimio
375 3283 518 3371 studio,
548 3270 767 3368 ahstinebat;
798 3310 915 3380 quum
942 3303 1074 3356 autem
1102 3287 1211 3385 inpri-

112 3387 187 3461 mis
204 3385 351 3459 scholae
369 3389 548 3460 inservire
565 3390 696 3473 vellet,
722 3387 974 3481 Philosophos
1003 3411 1212 3485 eorumque

116 3488 280 3561 docendi
303 3491 529 3563 methodum
556 3490 712 3561 sectatus
737 3485 804 3560 est:
848 3488 973 3558 varios
1007 3489 1116 3563 casus
1139 3488 1211 3561 sor·

113 3593 252 3676 mavit,
288 3592 409 3664 varias
433 3589 665 3687 quaestiones
691 3590 842 3662 subtiles
869 3591 1108 3685 excogitauit
1129 3614 1210 3687 pro·

111 3690 315 3787 posuitque
346 3717 388 3767 ac
421 3695 575 3788 reliquit
606 3694 840 3787 exemplum,
888 3692 996 3786 quod
1024 3697 1207 3764 Doctores

115 3791 357 3880 scholiastici,
382 3796 612 3895 praesertim,
637 3796 695 3865 uti
715 3795 963 3888 adpellantur,
991 3784 1207 3889 Mornhjlue

38 3946 44 3967 .-
115 3919 158 3966 ac
177 3885 389 3990 Cujuifiue,
415 3899 664 3969 imitarentur.
727 3901 785 3965 De
811 3919 856 3964 eo
881 3895 961 3964 iure
991 3894 1067 3964 dici
1096 3888 1204 3991 potest

111 3995 154 4067 in
178 3995 288 4067 rebus
313 4021 409 4091 quae
434 3998 481 4068 ad
506 3999 738 4095 theologiam
765 4014 801 4065 et
825 4020 979 4066 morum
999 3996 1201 4066 doctrinan

111 4095 294 4184 attinent,
327 4099 434 4195 quod
458 4101 504 4172 de
527 4098 564 4172 se
588 4098 628 4170 iu
654 4097 960 4195 philosophando
988 4094 1134 4169 fatetur
1152 4095 1199 4164 Ci-
