2542 4724
167 398 170 403 .
284 302 437 381 οη.
465 308 565 376 xm.
618 299 769 390 §.nt
800 304 885 378 122.
938 254 987 371 J
1043 266 1138 386 ‘653

43 505 162 581 runt,
182 488 249 581 ,illi
266 485 401 562 sectati
419 484 511 562 sunt
525 483 660 561 stilum
674 482 917 588 simplicem,
942 489 1142 572 humilem

42 595 313 699 planumque3
343 605 516 663 attamen
546 587 729 677 cum'vi,
756 589 913 665 animos
930 591 981 665 ad
997 618 1142 694 preces

48 720 96 770 ac
111 690 262 766 sanctas
281 686 515 765 affectiones
533 688 834 780 commovendi,
863 693 1140 772 coniunctum.

47 794 183 873 Alieni
202 807 314 866 erant
339 791 386 863 ab
406 790 636 887 eloquentia
661 789 843 889 turgida,
871 815 991 889 quarn
1006 794 1146 895 postea

48 893 261 981 nonnulli,
279 890 521 993 'praesertim
541 890 676 966 seculo
700 884 863 988 quarto,
890 892 1026 967 sectati
1039 892 1144 973 sunt.

153 1016 292 1088 Nullus
323 1037 477 1108 quoquc
506 1013 605 1085 inter
635 1010 705 1085 hos
729 1018 854 1086 Patres
886 1009 1042 1099 exstitit,
1077 1012 1146 1111 qui
1223 1090 1228 1107 ,

52 1114 335 1213 'compendium
362 1139 404 1185 ac
431 1109 593 1205 systema
624 1112 839 1211 theologiae
865 1115 1019 1188 moralis
1050 1140 1147 1187 con·

53 1219 246 1302 scriberet,
274 1216 340 1313 qui
366 1215 635 1286 accuratiorem
657 1239 698 1285 ac
721 1216 933 1286 naturalem
958 1214 1145 1301 ordinem,

55 1319 263 1396 firmiorem
296 1316 485 1415 probandi
517 1315 845 1413 confirmandique
874 1314 1064 1391 rationem
1093 1316 1176 1391 [οι
1213 1412 1216 1417 .

57 1437 248 1521 queretur.

514 1521 550 1614 ς.
603 1520 687 1595 122.

163 1687 394 1765 Generatim
409 1687 509 1764 haec
554 1686 612 1764 ost
639 1712 734 1765 uam
750 1685 904 1765 anobis
924 1685 1029 1763 dicta
1043 1684 1151 1783 sunt,¹

59 1782 249 1869 venimus
273 1790 476 1890 speciatim
502 1713 552 1864 ad
575 1792 588 1864 i
614 1714 656 1862 ia
671 1794 834 1864 Patrum
854 1788 998 1891 scripta
1016 1816 1150 1867 mora·

59 1892 136 1983 lia,
163 1917 213 1965 eo
241 1893 396 1980 animo,
423 1907 469 1964 ut
492 1893 560 1963 illa
576 1818 757 1964 distincte
775 1890 1075 1984 recenseamus,
1104 1891 1152 1969 in

62 2016 145 2092 qua
166 2006 301 2066 tamen
320 1993 705 2067 commemoratione
723 2016 769 2065 ea
786 1992 1034 2082 omittimuS,
1063 1994 1152 2091 qui·

62 2094 141 2169 bus
157 2096 351 2168 Auctores
367 2093 498 2167 oblata
513 2107 669 2166 tantum
686 2088 890 2165 occasione
908 2090 958 2165 de
966 2094 1154 2169 moribus

63 2194 281 2271 hominum
318 2190 586 2268 differuerrmt
624 2219 668 2267 ac
698 2191 827 2266 studia
862 2190 1153 2270 'sanctimoniae

65 2293 420 2383 commendarunt,
455 2319 581 2391 quum
604 2295 686 2369 iarn
712 2309 826 2368 antea
851 2291 901 2366 de
925 2294 1005 2368 illis
1031 2319 1155 2396 expo·

64 2393 229 2471 suimus.
282 2399 363 2469 Eos
403 2396 509 2470 otius
528 2397 706 2496 primum
723 2393 1064 2486 enumerabimus,
1083 2396 1155 2494 qui

64 2494 200 2581 seculo
234 2422 411 2572 secundi)
441 2520 485 2570 ac
517 2498 636 2571 tertio
673 2492 903 2571 floruerunt
934 2520 979 2569 ac
1006 2522 1167 2581 monus

63 2612 201 2673 menta
223 2598 413 2688 moralia,
448 2621 499 2671 ex
523 2596 704 2673 instituto
728 2592 966 2697 composita,
1002 2596 1055 2673 ad
1075 2620 1156 2675 nos

64 2696 381 2775 transmiserunt.

168 2822 270 2892 Inter
292 2820 400 2906 illos,
429 2817 495 2915 qui
518 2817 594 2893 line
610 2836 717 2893 antea
735 2837 845 2917 capto
865 2817 1021 2893 consrlio
1040 2819 1085 2892 de
1099 2842 1158 2892 re·

66 2916 140 3005 bs
156 2921 363 2993 moralibus
387 2921 630 2994 disseruerunt
644 2947 686 2993 ac
703 2946 790 2993 cum
807 2922 1037 3020 argumentis
1053 2921 1160 3017 prin·

68 3020 271 3117 cipalibus,
296 3023 336 3092 in
360 3021 498 3120 quibus
519 3023 732 3094 enarrandis
750 3023 886 3101 versati
903 3022 1008 3109 sunt,
1037 3018 1161 3094 disser-

67 3120 233 3195 tationes
271 3120 354 3195 istas
390 3124 697 3209 coniunxerunt,
739 3125 996 3221 principatum
1028 3132 1183 3197 tenent'

67 3224 203 3295 Patres
222 3216 429 3321 apostolici,
458 3230 661 3299 Carmana
678 3228 807 3312 Rom,
834 3231 1056 3310 Icuarrus,
1083 3231 1161 3297 Po·

68 3348 303 3409 menaeus,
332 3350 496 3423 qnorum
519 3346 789 3412 monumenta,
817 3350 912 3423 quae
928 3342 1162 3424 germanaet

69 3424 121 3497 ad
143 3449 215 3498 nos
233 3424 352 3498 delata
374 3427 477 3513 sunt,
503 3452 684 3527 magnum
701 3446 940 3500 momentum
958 3427 1098 3499 habent
1112 3426 1162 3499 ad

67 3524 339 3600 sanctimoniae
371 3529 675 3602 exercitationem
707 3529 878 3624 hancque
902 3528 952 3599 ob
976 3554 1057 3600 rem
1079 3552 1162 3600 rna·

66 3626 172 3699 xime
189 3627 303 3727 digna
317 3629 489 3703 lectione.
544 3631 792 3730 coniungunt
808 3637 932 3702 Patres
948 3629 1006 3699 illi
1020 3629 1162 3725 ubique

67 3726 227 3827 Agenda
252 3754 340 3802 cum
360 3732 582 3819 Credendis,
609 3756 650 3805 ac
664 3728 873 3804 monstrant
888 3729 1071 3828 singulare
1087 3728 1162 3802 stu·

70 3828 201 3915 dium,
225 3830 400 3906 homines
417 3833 464 3905 ad
485 3834 682 3906 salutarem
706 3834 907 3928 vivamque
922 3831 1011 3903 fidei
1029 3831 1161 3931 cogni·

67 3930 219 4003 tionem
236 3932 456 4015 adducendi.
510 3935 701 4007 scribendi
719 3958 857 4033 genus,
885 3955 961 4025 quo
986 3949 1160 4018 utuntur,

67 4030 281 4105 luculenter
296 4031 468 4123 ostendit,
492 4036 638 4108 animos
656 4061 790 4109 eorum
805 4036 941 4131 plenos
958 4030 1063 4106 fuisse
1080 4056 1162 4133 gra-

66 4132 145 4207 tiae
162 4132 330 4227 divinae,
356 4160 399 4214 ac
418 4138 498 4217 vim
513 4138 647 4236 prodit
661 4138 709 4213 ad
724 4136 888 4212 aliorum
903 4150 1049 4210 mentes
1063 4134 1163 4209 salu·
