2542 4724
103 243 180 325 580
447 196 594 325 Cae}
625 200 673 314 X:
726 240 761 333 §.
789 240 874 316 100.

106 431 321 514 Factiones,
356 425 505 500 Crimen
529 425 645 499 laesae
669 421 886 519 maiestatis,
920 429 1062 505 Odium
1088 457 1192 533 gena·

105 535 158 611 ris
183 529 356 615 humani,
384 530 528 623 Epulae
548 523 767 621 Thyesteae,
800 528 927 603 Inania
952 534 1099 630 gloriae
1125 532 1194 609 stu·

108 634 191 720 dia,
216 638 325 707 Artes
348 628 536 713 sordidae,
570 632 673 700 Mala
698 628 735 700 et
759 632 984 705 calamitates
1009 634 1193 731 publicae,

105 738 235 811 Notae
250 752 287 806 et
303 729 459 829 insignia
477 732 635 815 occulta,
663 747 699 801 et
718 755 812 826 quae
831 731 1014 807 fontalia.
1061 740 1116 807 'In
1136 762 1195 811 eo.

107 838 192 910 dem
218 850 440 931 argumento
459 855 535 925 quo
553 829 778 904 Kortholtua
801 836 1064 927 pertractando
1092 838 1195 911 labo·

106 939 202 1011 ravit
217 941 244 1005 1.
264 942 343 1006 [ac.
360 936 631 1015 Platonicos,
659 931 764 1004 cuius
784 936 939 1005 Gentilis
952 934 1193 1026 obtrectator,

105 1040 227 1112 lucem
244 1034 480 1131 viditTigur.
493 1032 600 1103 1747.
617 1033 652 1105 8.
677 1029 873 1129 postquam
885 1054 1020 1109 auctor
1036 1062 1069 1109 a.
1088 1040 1191 1113 1741.

105 1127 406 1235 Disquifitionern
418 1134 462 1204 de
472 1135 660 1204 calumniis
671 1160 695 1203 a
713 1132 918 1206 Gentilibus
936 1140 971 1206 in
978 1142 1192 1231 primaevos

108 1230 332 1335 Christianos
347 1226 506 1336 spnrfis,
542 1234 716 1306 ediderat.
770 1240 827 1306 Ex
852 1238 908 1309 his
928 1236 1039 1312 facile
1058 1241 1194 1315 intelli·

106 1340 272 1441 gendum
292 1333 351 1420 est,
378 1338 504 1429 quales
522 1335 728 1407 calumniae
743 1336 916 1411 adversus
932 1356 1079 1415 veteres
1095 1344 1193 1415 Chri·

103 1434 603 1515 l'tianosadhibitaefuerint.
655 1440 1192 1517 Denonnullisillarumdocti

14 1614 17 1619 ,
66 1570 69 1575 ⁴
103 1543 177 1615 viri
203 1538 390 1636 speciatim
407 1538 492 1607 sunt
508 1538 774 1609 commentati:
812 1543 1189 1617 Aultacaaaaaaa

106 1646 151 1715 de
173 1640 386 1725 Atlteisnw,
416 1630 626 1731 Christianis
650 1638 739 1709 olim
763 1665 786 1709 a
812 1640 1016 1712 Gentilibus
1039 1642 1188 1717 obiecto.

104 1742 205 1837 Lips.
217 1740 324 1813 1681.
333 1737 381 1824 4.,
394 1730 710 1838 quaeDaffertatio
721 1739 832 1811 etiam
843 1738 1003 1815 exstatin
1012 1746 1189 1819 Eiusdem

104 1845 282 1915 Exercitt.
300 1843 336 1909 in
349 1844 400 1912 N.
415 1845 476 1924 T.,
500 1831 593 1937 Hist.
614 1834 732 1940 ecclefl
751 1856 788 1911 et
803 1842 957 1912 litterar.
978 1842 1017 1941 pL
1029 1846 1185 1943 2871qq.

104 1942 162 2016 Cf.
178 1949 237 2014 Io.
254 1946 699 2014 Loaaa.Faan.Laaaa
714 1934 906 2040 Exposttio
922 1962 1185 2041 argumentor..

103 2042 233 2142 quibus
254 2046 384 2114 Patres
408 2041 634 2139 apologetici
654 2043 718 2113 rel.
744 2041 817 2115 clar.
846 2070 869 2112 a
884 2046 993 2139 eulpa
1008 2047 1188 2121 Atlteimti

70 2232 73 2241 Ι
104 2150 137 2219 ei
167 2142 308 2217 obiecta
338 2142 605 2241 defaedarunt5
642 2142 684 2213 in
711 2148 811 2215 Cata.
837 2150 877 2215 F.
901 2150 1066 2220 tar-„aaa
1096 2140 1185 2249 Hifi.

104 2246 215 2317 theol.
241 2240 393 2316 Ablulll.
424 2245 587 2327 11‚127.
646 2245 840 2317 Laudatus
872 2249 1116 2323 Koaanoaa·
1146 2250 1186 2323 tle

101 2347 316 2437 Aliteisrno,
339 2342 520 2417 veteribus
538 2334 749 2440 Christianis
774 2344 819 2416 ob
838 2348 1063 2442 templorum
1081 2354 1185 2451 inpri·

101 2453 173 2520 mis
188 2443 455 2545 aversationem
472 2473 495 2513 a
507 2443 709 2515 Gentilibus
726 2444 878 2528 obiecta,
893 2448 1010 2522 1689.
1019 2450 1057 2524 4.
1085 2454 1185 2527 ouius

103 2551 215 2621 etiam
238 2546 378 2641 prodiit
398 2545 542 2617 Differt.
563 2546 840 2633 denotantibus,
869 2546 999 2643 quibus
1011 2577 1085 2647 per
1098 2556 1185 2626 nat·

102 2649 222 2722 briam
247 2661 283 2719 et
308 2662 534 2719 contemtum
554 2637 748 2741 Christiani
772 2650 860 2719 olim
887 2677 910 2719 a
927 2653 1003 2739 Pro
1027 2658 1110 2725 onis
1125 2682 1184 2751 ap·

99 2752 232 2848 pellati
255 2749 369 2843 deque
392 2752 489 2818 notis
504 2748 672 2832 occultis,
700 2746 829 2845 quibus
852 2752 961 2821 iidem
974 2652 1032 2851 A
1044 2747 1185 2857 infigni·

98 2846 203 2953 asse,
239 2851 383 2934 crediti,
418 2851 545 2920 Kilon.
573 2848 681 2923 1693.
717 2847 753 2921 4.
807 2858 956 2923 saara.
987 2858 1183 2931 Montana

101 2956 146 3025 cle
163 2951 348 3021 calumnia
368 2952 579 3033 Gentilium,
607 2963 720 3044 caput
736 2940 916 3046 nfininum
934 2944 1000 3052 effe
1018 2948 1184 3053 Clarifiia·

98 3079 231 3125 noram
248 3057 373 3122 Deam
390 3078 407 3130 ,⁶
432 3053 472 3121 in
490 3042 653 3150 Differtt.
679 3075 715 3145 p.
734 3049 964 3126 285-336.
1021 3062 1182 3131 Timon.

96 3160 285 3227 Hasaaos
295 3157 421 3224 Diatr.
434 3155 478 3222 de
494 3155 682 3247 ὀνολατρείας
703 3155 851 3224 crimine
855 3149 888 3252 s
908 3156 1100 3231 calumnia
1115 3160 1182 3231 cul·

97 3270 158 3327 tus
182 3245 329 3353 astnini,
365 3282 389 3324 a
417 3252 618 3324 Gentilibus
641 3253 729 3322 olim
751 3256 899 3325 Iudaeis
919 3270 956 3326 et
976 3252 1183 3355 Cbrfiianis

97 3360 264 3450 impacta
287 3381 317 3427 c.
337 3361 366 3426 1.
384 3361 510 3425 Bana.
533 3358 658 3426 Οττιι
686 3353 731 3425 de
755 3356 839 3426 eod.
865 3380 1091 3454 argumento
1118 3362 1179 3458 ap.

95 3456 175 3528 Erf.
196 3456 303 3529 1716.
330 3451 366 3527 4.
418 3460 498 3526 Iac.
515 3457 618 3527 Aua.
637 3479 722 3525 oua
741 3460 926 3529 Monaco
951 3456 1129 3563 Discorsa
1148 3466 1180 3533 iu

97 3562 155 3629 cui
169 3544 207 3649 fi
220 3581 365 3652 pruove
383 3560 420 3627 la
438 3557 610 3626 calunnia
627 3555 687 3625 det
705 3555 813 3626 Culto
838 3548 977 3654 afinino
999 3563 1180 3658 imputato

96 3661 178 3758 agli
204 3658 351 3756 antiglti
374 3649 543 3753 Crifiiani
559 3674 626 3728 etc.
676 3659 814 3750 Napol.
843 3661 951 3733 1715.
975 3658 1013 3732 4.
1068 3669 1096 3733 1.
1114 3668 1179 3735 Gn.

95 3764 195 3831 Sum.
214 3766 452 3830 Bauunoao
478 3752 683 3857 Ursaclten,
711 3784 852 3828 auarum
878 3761 992 3829 denen
1016 3764 1133 3835 Inden
1148 3790 1179 3835 tt·

96 3849 259 3951 Clarifien
284 3862 319 3932 tl.
345 3859 550 3955 Anbetung
573 3884 601 3929 e.
619 3853 831 3957 Eselsltopfs
854 3858 993 3930 Schald
1017 3860 1178 3962 gegeben

93 3964 239 4032 ztortlcn
249 3989 266 4039 ,·
291 3962 329 4031 in
346 3962 505 4057 Erlnng.
520 3958 675 4057 geltlart.
688 3963 874 4056 Anteigen
893 3987 923 4032 a.
940 3961 1050 4047 1744.
1066 3972 1113 4037 N.
1122 3964 1177 4041 5⁴1.

92 4068 149 4132 Io.
172 4070 213 4134 G.
236 4068 438 4135 Linoumt
464 4054 614 4160 Excurſs
630 4066 683 4134 ΙΙ.
710 4064 761 4134 acl
782 4063 925 4136 Mimac.
945 4066 1076 4138 Felicis
1097 4074 1176 4163 cip.
