<?xml version="1.0" encoding="UTF-8"?>
<!DOCTYPE html PUBLIC "-//W3C//DTD XHTML 1.0 Transitional//EN"
    "http://www.w3.org/TR/xhtml1/DTD/xhtml1-transitional.dtd">
<html xmlns="http://www.w3.org/1999/xhtml" xml:lang="en" lang="en">
 <head>
  <title>
</title>
<meta http-equiv="Content-Type" content="text/html;charset=utf-8" />
  <meta name='ocr-system' content='tesseract 3.04.00' />
  <meta name='ocr-capabilities' content='ocr_page ocr_carea ocr_par ocr_line ocrx_word'/>
</head>
<body>
  <div class='ocr_page' id='page_1' title='image "./iogeorgiiwalchi05walcgoog/iogeorgiiwalchi05walcgoog_0804.png"; bbox 0 0 2542 4724; ppageno 0'>
   <div class='ocr_carea' id='block_1_1' title="bbox 106 242 929 342">
    <p class='ocr_par' dir='ltr' id='par_1_1' title="bbox 106 242 929 342">
     <span class='ocr_line' id='line_1_1' title="bbox 106 242 929 342; baseline -0.012 -8"><span class='ocrx_word' id='word_1_1' title='bbox 106 264 185 341; x_wconf 86' lang='lat'><strong>800</strong></span> <span class='ocrx_word' id='word_1_2' title='bbox 301 258 305 265; x_wconf 83' lang='lat'>&#39;</span> <span class='ocrx_word' id='word_1_3' title='bbox 423 252 691 329; x_wconf 65' lang='lat' dir='ltr'><strong>cinna</strong></span> <span class='ocrx_word' id='word_1_4' title='bbox 744 242 929 342; x_wconf 65' lang='lat' dir='ltr'><strong>§.15¹ss</strong></span> 
     </span>
    </p>
   </div>
   <div class='ocr_carea' id='block_1_2' title="bbox 12 431 1204 3169">
    <p class='ocr_par' dir='ltr' id='par_1_2' title="bbox 12 431 1203 733">
     <span class='ocr_line' id='line_1_2' title="bbox 111 431 1203 542; baseline -0.008 -18"><span class='ocrx_word' id='word_1_5' title='bbox 111 451 159 524; x_wconf 78' lang='lat' dir='ltr'><strong>‹ie</strong></span> <span class='ocrx_word' id='word_1_6' title='bbox 182 440 435 542; x_wconf 68' lang='lat' dir='ltr'><strong>scriptoribus</strong></span> <span class='ocrx_word' id='word_1_7' title='bbox 453 431 718 537; x_wconf 84' lang='lat' dir='ltr'><strong>ecclesiasticis,</strong></span> <span class='ocrx_word' id='word_1_8' title='bbox 746 460 845 532; x_wconf 87' lang='lat' dir='ltr'><strong>quos</strong></span> <span class='ocrx_word' id='word_1_9' title='bbox 869 454 1023 512; x_wconf 90' lang='lat' dir='ltr'><strong>certum</strong></span> <span class='ocrx_word' id='word_1_10' title='bbox 1039 436 1091 514; x_wconf 90' lang='lat' dir='ltr'><strong>est</strong></span> <span class='ocrx_word' id='word_1_11' title='bbox 1107 439 1203 515; x_wconf 88' lang='lat' dir='ltr'><strong>senili</strong></span> 
     </span>
     <span class='ocr_line' id='line_1_3' title="bbox 112 536 1202 634; baseline -0.009 -10"><span class='ocrx_word' id='word_1_12' title='bbox 112 567 231 624; x_wconf 90' lang='lat' dir='ltr'><strong>aetate</strong></span> <span class='ocrx_word' id='word_1_13' title='bbox 251 546 382 618; x_wconf 48' lang='lat' dir='ltr'><strong>‘multo</strong></span> <span class='ocrx_word' id='word_1_14' title='bbox 409 540 532 613; x_wconf 90' lang='lat' dir='ltr'><strong>sanius</strong></span> <span class='ocrx_word' id='word_1_15' title='bbox 558 554 595 608; x_wconf 86' lang='lat' dir='ltr'><strong>et</strong></span> <span class='ocrx_word' id='word_1_16' title='bbox 620 536 789 622; x_wconf 83' lang='lat' dir='ltr'>suavius,</span> <span class='ocrx_word' id='word_1_17' title='bbox 827 560 945 634; x_wconf 87' lang='lat' dir='ltr'><strong>quarn</strong></span> <span class='ocrx_word' id='word_1_18' title='bbox 971 542 1016 612; x_wconf 86' lang='lat' dir='ltr'><strong>in</strong></span> <span class='ocrx_word' id='word_1_19' title='bbox 1041 543 1202 628; x_wconf 86' lang='lat' dir='ltr'><strong>iuvenili,</strong></span> 
     </span>
     <span class='ocr_line' id='line_1_4' title="bbox 12 639 1203 733; baseline -0.008 -6"><span class='ocrx_word' id='word_1_20' title='bbox 12 642 15 649; x_wconf 43' lang='lat'>¹</span> <span class='ocrx_word' id='word_1_21' title='bbox 111 651 277 726; x_wconf 87' lang='lat' dir='ltr'><strong>scribere.</strong></span> <span class='ocrx_word' id='word_1_22' title='bbox 333 642 395 730; x_wconf 99' lang='grc'><strong>11)</strong></span> <span class='ocrx_word' id='word_1_23' title='bbox 412 641 505 712; x_wconf 81' lang='lat' dir='ltr'><strong>Vide</strong></span> <span class='ocrx_word' id='word_1_24' title='bbox 522 639 635 711; x_wconf 87' lang='lat' dir='ltr'><strong>etiam</strong></span> <span class='ocrx_word' id='word_1_25' title='bbox 653 655 766 733; x_wconf 89' lang='lat' dir='ltr'><strong>atque</strong></span> <span class='ocrx_word' id='word_1_26' title='bbox 783 640 894 711; x_wconf 84' lang='lat' dir='ltr'><strong>etiarn</strong></span> <span class='ocrx_word' id='word_1_27' title='bbox 909 640 951 712; x_wconf 90' lang='lat' dir='ltr'><strong>in</strong></span> <span class='ocrx_word' id='word_1_28' title='bbox 961 646 1122 716; x_wconf 79' lang='lat' dir='ltr'><strong>Petrum</strong></span> <span class='ocrx_word' id='word_1_29' title='bbox 1131 670 1203 717; x_wconf 88' lang='lat' dir='ltr'><strong>mo·</strong></span> 
     </span>
    </p>

    <p class='ocr_par' dir='ltr' id='par_1_3' title="bbox 25 738 1204 3169">
     <span class='ocr_line' id='line_1_5' title="bbox 54 738 1204 841; baseline -0.01 -14"><span class='ocrx_word' id='word_1_30' title='bbox 54 829 60 841; x_wconf 74' lang='grc'>,</span> <span class='ocrx_word' id='word_1_31' title='bbox 110 747 324 832; x_wconf 87' lang='lat' dir='ltr'><strong>numentis,</strong></span> <span class='ocrx_word' id='word_1_32' title='bbox 364 738 626 839; x_wconf 84' lang='lat' dir='ltr'><strong>philosophica</strong></span> <span class='ocrx_word' id='word_1_33' title='bbox 652 763 672 809; x_wconf 90' lang='lat' dir='ltr'><strong>a</strong></span> <span class='ocrx_word' id='word_1_34' title='bbox 701 740 928 838; x_wconf 86' lang='lat' dir='ltr'><strong>theologicis</strong></span> <span class='ocrx_word' id='word_1_35' title='bbox 955 759 1002 813; x_wconf 92' lang='lat' dir='ltr'><strong>ut</strong></span> <span class='ocrx_word' id='word_1_36' title='bbox 1030 744 1204 840; x_wconf 82' lang='lat' dir='ltr'><strong>sapienter</strong></span> 
     </span>
     <span class='ocr_line' id='line_1_6' title="bbox 115 838 1204 939; baseline -0.006 -14"><span class='ocrx_word' id='word_1_37' title='bbox 115 855 317 925; x_wconf 80' lang='lat' dir='ltr'><strong>discernas.</strong></span> <span class='ocrx_word' id='word_1_38' title='bbox 340 890 349 905; x_wconf 61' lang='grc' dir='ltr'><em>ι</em></span> <span class='ocrx_word' id='word_1_39' title='bbox 373 838 436 936; x_wconf 83' lang='lat'><strong>12)</strong></span> <span class='ocrx_word' id='word_1_40' title='bbox 458 844 495 913; x_wconf 90' lang='lat' dir='ltr'><strong>Si</strong></span> <span class='ocrx_word' id='word_1_41' title='bbox 516 866 610 937; x_wconf 88' lang='lat' dir='ltr'><strong>quae</strong></span> <span class='ocrx_word' id='word_1_42' title='bbox 634 839 737 926; x_wconf 90' lang='lat' dir='ltr'><strong>sunt,</strong></span> <span class='ocrx_word' id='word_1_43' title='bbox 766 843 922 938; x_wconf 91' lang='lat' dir='ltr'><strong>quaein</strong></span> <span class='ocrx_word' id='word_1_44' title='bbox 945 845 1137 939; x_wconf 83' lang='lat' dir='ltr'><strong>praesenti</strong></span> <span class='ocrx_word' id='word_1_45' title='bbox 1151 873 1204 918; x_wconf 86' lang='lat' dir='ltr'><strong>ex·</strong></span> 
     </span>
     <span class='ocr_line' id='line_1_7' title="bbox 111 939 1203 1051; baseline -0.005 -27"><span class='ocrx_word' id='word_1_46' title='bbox 111 950 243 1051; x_wconf 90' lang='lat' dir='ltr'><strong>plicari</strong></span> <span class='ocrx_word' id='word_1_47' title='bbox 261 942 343 1018; x_wconf 86' lang='lat' dir='ltr'><strong>non</strong></span> <span class='ocrx_word' id='word_1_48' title='bbox 368 942 536 1040; x_wconf 85' lang='lat' dir='ltr'><strong>possunt,</strong></span> <span class='ocrx_word' id='word_1_49' title='bbox 566 968 700 1013; x_wconf 91' lang='lat' dir='ltr'><strong>eorum</strong></span> <span class='ocrx_word' id='word_1_50' title='bbox 725 939 964 1041; x_wconf 85' lang='lat' dir='ltr'><strong>investigatio</strong></span> <span class='ocrx_word' id='word_1_51' title='bbox 994 946 1148 1040; x_wconf 85' lang='lat' dir='ltr'><strong>plenior</strong></span> <span class='ocrx_word' id='word_1_52' title='bbox 1168 950 1203 1019; x_wconf 91' lang='lat' dir='ltr'><strong>iu</strong></span> 
     </span>
     <span class='ocr_line' id='line_1_8' title="bbox 113 1041 1203 1142; baseline -0.006 -17"><span class='ocrx_word' id='word_1_53' title='bbox 113 1052 217 1126; x_wconf 89' lang='lat' dir='ltr'><strong>aliud</strong></span> <span class='ocrx_word' id='word_1_54' title='bbox 248 1068 398 1142; x_wconf 87' lang='lat' dir='ltr'><strong>tempus</strong></span> <span class='ocrx_word' id='word_1_55' title='bbox 428 1041 672 1140; x_wconf 86' lang='lat' dir='ltr'><strong>proferenda,</strong></span> <span class='ocrx_word' id='word_1_56' title='bbox 715 1043 761 1113; x_wconf 88' lang='lat' dir='ltr'><strong>ad</strong></span> <span class='ocrx_word' id='word_1_57' title='bbox 792 1044 883 1116; x_wconf 88' lang='lat' dir='ltr'><strong>haec</strong></span> <span class='ocrx_word' id='word_1_58' title='bbox 915 1047 1203 1140; x_wconf 85' lang='lat' dir='ltr'><strong>explorandum,</strong></span> 
     </span>
     <span class='ocr_line' id='line_1_9' title="bbox 113 1144 1204 1252; baseline -0.003 -29"><span class='ocrx_word' id='word_1_59' title='bbox 113 1153 206 1252; x_wconf 89' lang='lat' dir='ltr'><strong>quid</strong></span> <span class='ocrx_word' id='word_1_60' title='bbox 230 1169 272 1220; x_wconf 92' lang='lat' dir='ltr'><strong>ut</strong></span> <span class='ocrx_word' id='word_1_61' title='bbox 296 1146 484 1242; x_wconf 87' lang='lat' dir='ltr'><strong>tempori,</strong></span> <span class='ocrx_word' id='word_1_62' title='bbox 509 1146 620 1227; x_wconf 76' lang='lat' dir='ltr'><strong>luco,</strong></span> <span class='ocrx_word' id='word_1_63' title='bbox 650 1146 798 1240; x_wconf 88' lang='lat' dir='ltr'><strong>totique</strong></span> <span class='ocrx_word' id='word_1_64' title='bbox 826 1144 1079 1220; x_wconf 87' lang='lat' dir='ltr'><strong>Ecclesiarum</strong></span> <span class='ocrx_word' id='word_1_65' title='bbox 1105 1145 1204 1222; x_wconf 88' lang='lat' dir='ltr'><strong>statui</strong></span> 
     </span>
     <span class='ocr_line' id='line_1_10' title="bbox 112 1242 1204 1350; baseline -0.006 -22"><span class='ocrx_word' id='word_1_66' title='bbox 112 1274 327 1350; x_wconf 83' lang='lat' dir='ltr'><strong>congruens</strong></span> <span class='ocrx_word' id='word_1_67' title='bbox 343 1249 484 1318; x_wconf 87' lang='lat' dir='ltr'><strong>dictum</strong></span> <span class='ocrx_word' id='word_1_68' title='bbox 495 1242 558 1329; x_wconf 83' lang='lat' dir='ltr'><strong>s1t;</strong></span> <span class='ocrx_word' id='word_1_69' title='bbox 588 1245 747 1341; x_wconf 84' lang='lat' dir='ltr'><strong>denique</strong></span> <span class='ocrx_word' id='word_1_70' title='bbox 763 1246 1061 1320; x_wconf 86' lang='lat' dir='ltr'><strong>acrioriiudioio</strong></span> <span class='ocrx_word' id='word_1_71' title='bbox 1079 1258 1204 1323; x_wconf 80' lang='lat' dir='ltr'><strong>notan·</strong></span> 
     </span>
     <span class='ocr_line' id='line_1_11' title="bbox 113 1342 1203 1444; baseline -0.003 -17"><span class='ocrx_word' id='word_1_72' title='bbox 113 1356 228 1437; x_wconf 88' lang='lat' dir='ltr'><strong>dum,</strong></span> <span class='ocrx_word' id='word_1_73' title='bbox 268 1349 294 1421; x_wconf 91' lang='lat' dir='ltr'><strong>si</strong></span> <span class='ocrx_word' id='word_1_74' title='bbox 329 1348 421 1444; x_wconf 86' lang='lat' dir='ltr'><strong>quid</strong></span> <span class='ocrx_word' id='word_1_75' title='bbox 454 1347 498 1418; x_wconf 87' lang='lat' dir='ltr'><strong>de</strong></span> <span class='ocrx_word' id='word_1_76' title='bbox 527 1342 709 1433; x_wconf 86' lang='lat' dir='ltr'><strong>historiis,</strong></span> <span class='ocrx_word' id='word_1_77' title='bbox 748 1347 949 1433; x_wconf 90' lang='lat' dir='ltr'><strong>Conciliis,</strong></span> <span class='ocrx_word' id='word_1_78' title='bbox 991 1352 1203 1425; x_wconf 86' lang='lat' dir='ltr'><strong>Canonibus</strong></span> 
     </span>
     <span class='ocr_line' id='line_1_12' title="bbox 113 1438 1204 1548; baseline -0.004 -19"><span class='ocrx_word' id='word_1_79' title='bbox 113 1449 356 1529; x_wconf 81' lang='lat' dir='ltr'><strong>ecclefiasticis</strong></span> <span class='ocrx_word' id='word_1_80' title='bbox 372 1447 616 1521; x_wconf 85' lang='lat' dir='ltr'><strong>memorabile</strong></span> <span class='ocrx_word' id='word_1_81' title='bbox 632 1438 834 1543; x_wconf 81' lang='lat' dir='ltr'><strong>profertur.</strong></span> <span class='ocrx_word' id='word_1_82' title='bbox 865 1450 931 1538; x_wconf 80' lang='grc'>13)</span> <span class='ocrx_word' id='word_1_83' title='bbox 950 1452 1073 1545; x_wconf 86' lang='lat' dir='ltr'><strong>Quod</strong></span> <span class='ocrx_word' id='word_1_84' title='bbox 1090 1448 1204 1548; x_wconf 87' lang='lat' dir='ltr'><strong>sipost</strong></span> 
     </span>
     <span class='ocr_line' id='line_1_13' title="bbox 111 1549 1204 1648; baseline -0.004 -19"><span class='ocrx_word' id='word_1_85' title='bbox 111 1556 204 1629; x_wconf 89' lang='lat' dir='ltr'><strong>haec</strong></span> <span class='ocrx_word' id='word_1_86' title='bbox 230 1552 359 1625; x_wconf 87' lang='lat' dir='ltr'><strong>omnia</strong></span> <span class='ocrx_word' id='word_1_87' title='bbox 383 1567 541 1635; x_wconf 89' lang='lat' dir='ltr'><strong>tentata,</strong></span> <span class='ocrx_word' id='word_1_88' title='bbox 576 1549 700 1621; x_wconf 90' lang='lat' dir='ltr'><strong>adhuc</strong></span> <span class='ocrx_word' id='word_1_89' title='bbox 727 1550 835 1623; x_wconf 86' lang='lat' dir='ltr'><strong>locus</strong></span> <span class='ocrx_word' id='word_1_90' title='bbox 861 1550 1006 1644; x_wconf 85' lang='lat' dir='ltr'><strong>aliquis</strong></span> <span class='ocrx_word' id='word_1_91' title='bbox 1042 1551 1204 1648; x_wconf 83' lang='lat' dir='ltr'><strong>spinosus</strong></span> 
     </span>
     <span class='ocr_line' id='line_1_14' title="bbox 113 1648 1204 1753; baseline -0.005 -22"><span class='ocrx_word' id='word_1_92' title='bbox 113 1658 378 1752; x_wconf 82' lang='lat' dir='ltr'><strong>suspectusque</strong></span> <span class='ocrx_word' id='word_1_93' title='bbox 404 1648 532 1735; x_wconf 88' lang='lat' dir='ltr'><strong>restat,</strong></span> <span class='ocrx_word' id='word_1_94' title='bbox 567 1674 648 1720; x_wconf 90' lang='lat' dir='ltr'><strong>non</strong></span> <span class='ocrx_word' id='word_1_95' title='bbox 677 1653 853 1746; x_wconf 88' lang='lat' dir='ltr'><strong>protinus</strong></span> <span class='ocrx_word' id='word_1_96' title='bbox 880 1650 1047 1725; x_wconf 84' lang='lat' dir='ltr'><strong>definies</strong></span> <span class='ocrx_word' id='word_1_97' title='bbox 1074 1654 1204 1753; x_wconf 77' lang='lat' dir='ltr'><strong>dogma</strong></span> 
     </span>
     <span class='ocr_line' id='line_1_15' title="bbox 114 1752 1204 1851; baseline -0.005 -19"><span class='ocrx_word' id='word_1_98' title='bbox 114 1755 322 1840; x_wconf 86' lang='lat' dir='ltr'><strong>asseverari,</strong></span> <span class='ocrx_word' id='word_1_99' title='bbox 349 1753 409 1825; x_wconf 90' lang='lat' dir='ltr'><strong>cui</strong></span> <span class='ocrx_word' id='word_1_100' title='bbox 428 1753 582 1851; x_wconf 85' lang='lat' dir='ltr'><strong>nigrum</strong></span> <span class='ocrx_word' id='word_1_101' title='bbox 601 1757 628 1820; x_wconf 90' lang='grc' dir='ltr'>Θ</span> <span class='ocrx_word' id='word_1_102' title='bbox 646 1752 801 1851; x_wconf 84' lang='lat' dir='ltr'><strong>praefigi</strong></span> <span class='ocrx_word' id='word_1_103' title='bbox 820 1752 967 1835; x_wconf 87' lang='lat' dir='ltr'><strong>debeat,</strong></span> <span class='ocrx_word' id='word_1_104' title='bbox 997 1752 1065 1825; x_wconf 91' lang='lat' dir='ltr'><strong>sed</strong></span> <span class='ocrx_word' id='word_1_105' title='bbox 1082 1756 1204 1827; x_wconf 85' lang='lat' dir='ltr'><strong>tantis·</strong></span> 
     </span>
     <span class='ocr_line' id='line_1_16' title="bbox 111 1850 1202 1959; baseline -0.005 -27"><span class='ocrx_word' id='word_1_106' title='bbox 111 1886 179 1959; x_wconf 88' lang='lat' dir='ltr'><strong>per</strong></span> <span class='ocrx_word' id='word_1_107' title='bbox 196 1850 455 1929; x_wconf 81' lang='lat' dir='ltr'><strong>disseres‘novi</strong></span> <span class='ocrx_word' id='word_1_108' title='bbox 472 1854 607 1925; x_wconf 88' lang='lat' dir='ltr'><strong>erroris</strong></span> <span class='ocrx_word' id='word_1_109' title='bbox 622 1856 682 1926; x_wconf 91' lang='lat' dir='ltr'><strong>vel</strong></span> <span class='ocrx_word' id='word_1_110' title='bbox 700 1853 887 1953; x_wconf 81' lang='lat' dir='ltr'><strong>licereseos</strong></span> <span class='ocrx_word' id='word_1_111' title='bbox 907 1854 1057 1926; x_wconf 87' lang='lat' dir='ltr'><strong>crimen</strong></span> <span class='ocrx_word' id='word_1_112' title='bbox 1074 1857 1202 1953; x_wconf 90' lang='lat' dir='ltr'><strong>impin·</strong></span> 
     </span>
     <span class='ocr_line' id='line_1_17' title="bbox 112 1953 1203 2062; baseline -0.005 -29"><span class='ocrx_word' id='word_1_113' title='bbox 112 1986 217 2062; x_wconf 83' lang='lat' dir='ltr'><strong>gere,</strong></span> <span class='ocrx_word' id='word_1_114' title='bbox 247 1958 337 2028; x_wconf 88' lang='lat' dir='ltr'><strong>dum</strong></span> <span class='ocrx_word' id='word_1_115' title='bbox 358 1956 497 2027; x_wconf 85' lang='lat' dir='ltr'><strong>librum</strong></span> <span class='ocrx_word' id='word_1_116' title='bbox 515 1953 552 2025; x_wconf 91' lang='lat' dir='ltr'><strong>in</strong></span> <span class='ocrx_word' id='word_1_117' title='bbox 572 1980 648 2050; x_wconf 92' lang='lat' dir='ltr'><strong>quo</strong></span> <span class='ocrx_word' id='word_1_118' title='bbox 666 1955 814 2040; x_wconf 82' lang='lat' dir='ltr'><strong>haeres,</strong></span> <span class='ocrx_word' id='word_1_119' title='bbox 842 1973 988 2040; x_wconf 89' lang='lat' dir='ltr'><strong>totum,</strong></span> <span class='ocrx_word' id='word_1_120' title='bbox 1018 1958 1203 2047; x_wconf 80' lang='lat' dir='ltr'><strong>autetiam</strong></span> 
     </span>
     <span class='ocr_line' id='line_1_18' title="bbox 114 2053 1202 2155; baseline -0.006 -20"><span class='ocrx_word' id='word_1_121' title='bbox 114 2063 210 2135; x_wconf 89' lang='lat' dir='ltr'><strong>alios</strong></span> <span class='ocrx_word' id='word_1_122' title='bbox 229 2059 272 2130; x_wconf 90' lang='lat' dir='ltr'><strong>ab</strong></span> <span class='ocrx_word' id='word_1_123' title='bbox 297 2059 432 2131; x_wconf 88' lang='lat' dir='ltr'><strong>eodem</strong></span> <span class='ocrx_word' id='word_1_124' title='bbox 451 2053 597 2129; x_wconf 88' lang='lat' dir='ltr'><strong>emissos</strong></span> <span class='ocrx_word' id='word_1_125' title='bbox 615 2076 747 2128; x_wconf 88' lang='lat' dir='ltr'><strong>autore</strong></span> <span class='ocrx_word' id='word_1_126' title='bbox 764 2056 979 2155; x_wconf 85' lang='lat' dir='ltr'><strong>perlegeris.</strong></span> <span class='ocrx_word' id='word_1_127' title='bbox 1037 2058 1107 2149; x_wconf 78' lang='lat'><strong>14)</strong></span> <span class='ocrx_word' id='word_1_128' title='bbox 1123 2065 1202 2131; x_wconf 86' lang='lat' dir='ltr'><strong>Pau·</strong></span> 
     </span>
     <span class='ocr_line' id='line_1_19' title="bbox 111 2158 1201 2261; baseline -0.005 -25"><span class='ocrx_word' id='word_1_129' title='bbox 111 2162 221 2249; x_wconf 81' lang='lat' dir='ltr'><strong>latim</strong></span> <span class='ocrx_word' id='word_1_130' title='bbox 241 2160 398 2258; x_wconf 86' lang='lat' dir='ltr'><strong>diligens</strong></span> <span class='ocrx_word' id='word_1_131' title='bbox 416 2160 557 2243; x_wconf 91' lang='lat' dir='ltr'><strong>lector,</strong></span> <span class='ocrx_word' id='word_1_132' title='bbox 584 2158 886 2261; x_wconf 72' lang='lat' dir='ltr'><strong>uniuscuiusque</strong></span> <span class='ocrx_word' id='word_1_133' title='bbox 904 2158 1118 2255; x_wconf 87' lang='lat' dir='ltr'><strong>Scriptoris</strong></span> <span class='ocrx_word' id='word_1_134' title='bbox 1141 2160 1201 2231; x_wconf 83' lang='lat' dir='ltr'><strong>rit·</strong></span> 
     </span>
     <span class='ocr_line' id='line_1_20' title="bbox 25 2257 1201 2356; baseline -0.008 -17"><span class='ocrx_word' id='word_1_135' title='bbox 25 2282 36 2303; x_wconf 67' lang='lat'><strong>⁸·</strong></span> <span class='ocrx_word' id='word_1_136' title='bbox 110 2283 233 2347; x_wconf 85' lang='lat' dir='ltr'><strong>tutes,</strong></span> <span class='ocrx_word' id='word_1_137' title='bbox 258 2262 298 2333; x_wconf 93' lang='lat' dir='ltr'><strong>in</strong></span> <span class='ocrx_word' id='word_1_138' title='bbox 319 2284 395 2356; x_wconf 92' lang='lat' dir='ltr'><strong>quo</strong></span> <span class='ocrx_word' id='word_1_139' title='bbox 416 2257 575 2355; x_wconf 87' lang='lat' dir='ltr'><strong>quisque</strong></span> <span class='ocrx_word' id='word_1_140' title='bbox 591 2259 753 2331; x_wconf 81' lang='lat' dir='ltr'><strong>maxime</strong></span> <span class='ocrx_word' id='word_1_141' title='bbox 772 2260 949 2343; x_wconf 86' lang='lat' dir='ltr'><strong>excellat,</strong></span> <span class='ocrx_word' id='word_1_142' title='bbox 981 2261 1116 2355; x_wconf 87' lang='lat' dir='ltr'><strong>quoad</strong></span> <span class='ocrx_word' id='word_1_143' title='bbox 1132 2258 1201 2333; x_wconf 84' lang='lat' dir='ltr'><strong>sieri</strong></span> 
     </span>
     <span class='ocr_line' id='line_1_21' title="bbox 110 2359 1199 2464; baseline -0.005 -26"><span class='ocrx_word' id='word_1_144' title='bbox 110 2363 250 2464; x_wconf 85' lang='lat' dir='ltr'><strong>potest,</strong></span> <span class='ocrx_word' id='word_1_145' title='bbox 280 2363 511 2435; x_wconf 88' lang='lat' dir='ltr'><strong>observando</strong></span> <span class='ocrx_word' id='word_1_146' title='bbox 536 2379 668 2432; x_wconf 90' lang='lat' dir='ltr'><strong>notare</strong></span> <span class='ocrx_word' id='word_1_147' title='bbox 695 2359 879 2432; x_wconf 85' lang='lat' dir='ltr'><strong>assuescet.</strong></span> <span class='ocrx_word' id='word_1_148' title='bbox 919 2362 1006 2455; x_wconf 84' lang='grc' dir='ltr'><strong>Ι15)</strong></span> <span class='ocrx_word' id='word_1_149' title='bbox 1032 2363 1199 2458; x_wconf 77' lang='lat' dir='ltr'><strong>Quisquis</strong></span> 
     </span>
     <span class='ocr_line' id='line_1_22' title="bbox 112 2456 1198 2559; baseline -0.008 -17"><span class='ocrx_word' id='word_1_150' title='bbox 112 2474 172 2541; x_wconf 86' lang='lat' dir='ltr'><strong>SS.</strong></span> <span class='ocrx_word' id='word_1_151' title='bbox 193 2473 346 2538; x_wconf 88' lang='lat' dir='ltr'><strong>Patrum</strong></span> <span class='ocrx_word' id='word_1_152' title='bbox 368 2464 511 2534; x_wconf 89' lang='lat' dir='ltr'><strong>evolvit</strong></span> <span class='ocrx_word' id='word_1_153' title='bbox 528 2464 841 2547; x_wconf 84' lang='lat' dir='ltr'><strong>Commentarios,</strong></span> <span class='ocrx_word' id='word_1_154' title='bbox 868 2456 1034 2533; x_wconf 89' lang='lat' dir='ltr'><strong>minime</strong></span> <span class='ocrx_word' id='word_1_155' title='bbox 1051 2482 1198 2559; x_wconf 86' lang='lat' dir='ltr'><strong>praeter·</strong></span> 
     </span>
     <span class='ocr_line' id='line_1_23' title="bbox 110 2562 1198 2661; baseline -0.008 -17"><span class='ocrx_word' id='word_1_156' title='bbox 110 2571 238 2645; x_wconf 88' lang='lat' dir='ltr'><strong>mittet</strong></span> <span class='ocrx_word' id='word_1_157' title='bbox 255 2562 429 2637; x_wconf 85' lang='lat' dir='ltr'><strong>asteriscis</strong></span> <span class='ocrx_word' id='word_1_158' title='bbox 447 2565 508 2636; x_wconf 89' lang='lat' dir='ltr'><strong>vel</strong></span> <span class='ocrx_word' id='word_1_159' title='bbox 526 2563 642 2649; x_wconf 75' lang='lat' dir='ltr'><strong>obelis</strong></span> <span class='ocrx_word' id='word_1_160' title='bbox 656 2562 842 2661; x_wconf 81' lang='lat' dir='ltr'><strong>insignire,</strong></span> <span class='ocrx_word' id='word_1_161' title='bbox 869 2580 936 2634; x_wconf 86' lang='lat' dir='ltr'><strong>aut</strong></span> <span class='ocrx_word' id='word_1_162' title='bbox 953 2562 1092 2658; x_wconf 87' lang='lat' dir='ltr'><strong>potius</strong></span> <span class='ocrx_word' id='word_1_163' title='bbox 1111 2590 1198 2637; x_wconf 88' lang='lat' dir='ltr'><strong>corn·</strong></span> 
     </span>
     <span class='ocr_line' id='line_1_24' title="bbox 110 2660 1196 2761; baseline -0.01 -16"><span class='ocrx_word' id='word_1_164' title='bbox 110 2670 288 2745; x_wconf 82' lang='lat' dir='ltr'><strong>mandare</strong></span> <span class='ocrx_word' id='word_1_165' title='bbox 315 2665 537 2747; x_wconf 87' lang='lat' dir='ltr'><strong>memoriae,</strong></span> <span class='ocrx_word' id='word_1_166' title='bbox 573 2663 600 2735; x_wconf 91' lang='lat' dir='ltr'><strong>si</strong></span> <span class='ocrx_word' id='word_1_167' title='bbox 623 2665 682 2736; x_wconf 92' lang='lat' dir='ltr'><strong>cui</strong></span> <span class='ocrx_word' id='word_1_168' title='bbox 706 2690 746 2735; x_wconf 89' lang='lat' dir='ltr'><strong>ea</strong></span> <span class='ocrx_word' id='word_1_169' title='bbox 773 2682 875 2735; x_wconf 87' lang='lat' dir='ltr'><strong>tanta</strong></span> <span class='ocrx_word' id='word_1_170' title='bbox 903 2660 978 2748; x_wconf 80' lang='lat' dir='ltr'><strong>est3</strong></span> <span class='ocrx_word' id='word_1_171' title='bbox 1016 2667 1082 2737; x_wconf 87' lang='lat' dir='ltr'><strong>vel</strong></span> <span class='ocrx_word' id='word_1_172' title='bbox 1108 2660 1196 2761; x_wconf 87' lang='lat' dir='ltr'><strong>quotl</strong></span> 
     </span>
     <span class='ocr_line' id='line_1_25' title="bbox 109 2763 1196 2861; baseline -0.007 -16"><span class='ocrx_word' id='word_1_173' title='bbox 109 2773 235 2847; x_wconf 91' lang='lat' dir='ltr'><strong>multo</strong></span> <span class='ocrx_word' id='word_1_174' title='bbox 254 2764 302 2840; x_wconf 89' lang='lat' dir='ltr'><strong>est</strong></span> <span class='ocrx_word' id='word_1_175' title='bbox 318 2763 591 2861; x_wconf 85' lang='lat' dir='ltr'><strong>praestabilius,</strong></span> <span class='ocrx_word' id='word_1_176' title='bbox 618 2767 658 2835; x_wconf 91' lang='lat' dir='ltr'><strong>in</strong></span> <span class='ocrx_word' id='word_1_177' title='bbox 674 2765 813 2836; x_wconf 90' lang='lat' dir='ltr'><strong>librum</strong></span> <span class='ocrx_word' id='word_1_178' title='bbox 831 2767 1017 2837; x_wconf 81' lang='lat' dir='ltr'><strong>locorum</strong></span> <span class='ocrx_word' id='word_1_179' title='bbox 1035 2789 1196 2839; x_wconf 86' lang='lat' dir='ltr'><strong>commu·</strong></span> 
     </span>
     <span class='ocr_line' id='line_1_26' title="bbox 107 2860 1195 2967; baseline -0.006 -23"><span class='ocrx_word' id='word_1_180' title='bbox 107 2875 236 2956; x_wconf 89' lang='lat' dir='ltr'><strong>nium,</strong></span> <span class='ocrx_word' id='word_1_181' title='bbox 262 2892 360 2963; x_wconf 88' lang='lat' dir='ltr'><strong>quos</strong></span> <span class='ocrx_word' id='word_1_182' title='bbox 385 2866 450 2938; x_wconf 86' lang='lat' dir='ltr'><strong>fibi</strong></span> <span class='ocrx_word' id='word_1_183' title='bbox 475 2864 543 2962; x_wconf 86' lang='lat' dir='ltr'><strong>ipsr</strong></span> <span class='ocrx_word' id='word_1_184' title='bbox 566 2867 756 2967; x_wconf 77' lang='lat' dir='ltr'><strong>congerit,</strong></span> <span class='ocrx_word' id='word_1_185' title='bbox 783 2860 1073 2953; x_wconf 72' lang='lat' dir='ltr'><strong>transscribere,</strong></span> <span class='ocrx_word' id='word_1_186' title='bbox 1101 2892 1195 2963; x_wconf 85' lang='lat' dir='ltr'><strong>quae·</strong></span> 
     </span>
     <span class='ocr_line' id='line_1_27' title="bbox 107 2966 1194 3068; baseline -0.01 -20"><span class='ocrx_word' id='word_1_187' title='bbox 107 2998 256 3068; x_wconf 90' lang='lat' dir='ltr'><strong>cunque</strong></span> <span class='ocrx_word' id='word_1_188' title='bbox 272 2972 361 3042; x_wconf 91' lang='lat' dir='ltr'><strong>hinc</strong></span> <span class='ocrx_word' id='word_1_189' title='bbox 378 2969 465 3040; x_wconf 90' lang='lat' dir='ltr'><strong>inde</strong></span> <span class='ocrx_word' id='word_1_190' title='bbox 483 2986 687 3042; x_wconf 84' lang='lat' dir='ltr'><strong>occurrunt</strong></span> <span class='ocrx_word' id='word_1_191' title='bbox 703 2968 749 3067; x_wconf 76' lang='lat' dir='ltr'><strong>acl</strong></span> <span class='ocrx_word' id='word_1_192' title='bbox 766 2986 906 3040; x_wconf 90' lang='lat' dir='ltr'><strong>rectam</strong></span> <span class='ocrx_word' id='word_1_193' title='bbox 922 2966 1194 3041; x_wconf 85' lang='lat' dir='ltr'><strong>institutionem</strong></span> 
     </span>
     <span class='ocr_line' id='line_1_28' title="bbox 104 3069 1192 3169; baseline -0.011 -19"><span class='ocrx_word' id='word_1_194' title='bbox 104 3074 205 3150; x_wconf 87' lang='lat' dir='ltr'><strong>vitae</strong></span> <span class='ocrx_word' id='word_1_195' title='bbox 229 3071 422 3169; x_wconf 86' lang='lat' dir='ltr'><strong>propriae,</strong></span> <span class='ocrx_word' id='word_1_196' title='bbox 449 3069 513 3142; x_wconf 90' lang='lat' dir='ltr'><strong>seu</strong></span> <span class='ocrx_word' id='word_1_197' title='bbox 536 3070 584 3142; x_wconf 88' lang='lat' dir='ltr'><strong>ad</strong></span> <span class='ocrx_word' id='word_1_198' title='bbox 609 3070 823 3143; x_wconf 87' lang='lat' dir='ltr'><strong>docendum</strong></span> <span class='ocrx_word' id='word_1_199' title='bbox 847 3070 1192 3167; x_wconf 86' lang='lat' dir='ltr'><strong>consulendumque</strong></span> 
     </span>
    </p>
   </div>
   <div class='ocr_carea' id='block_1_3' title="bbox 103 3176 323 3252">
    <p class='ocr_par' dir='ltr' id='par_1_4' title="bbox 103 3176 323 3252">
     <span class='ocr_line' id='line_1_29' title="bbox 103 3176 323 3252; baseline -0.036 0"><span class='ocrx_word' id='word_1_200' title='bbox 103 3178 188 3252; x_wconf 79' lang='lat' dir='ltr'><strong>aliis</strong></span> <span class='ocrx_word' id='word_1_201' title='bbox 204 3176 323 3248; x_wconf 90' lang='lat' dir='ltr'><strong>utilia.</strong></span> 
     </span>
    </p>
   </div>
   <div class='ocr_carea' id='block_1_4' title="bbox 0 0 1276 4724">
    <p class='ocr_par' dir='ltr' id='par_1_5' title="bbox 0 0 1276 4724">
     <span class='ocr_line' id='line_1_30' title="bbox 0 0 1276 4724; baseline 0 0"><span class='ocrx_word' id='word_1_202' title='bbox 0 0 1276 4724; x_wconf 95' lang='lat' dir='ltr'><strong> </strong></span> 
     </span>
    </p>
   </div>
  </div>
 </body>
</html>
