2542 4724
348 292 384 373 G
411 312 438 369 r
463 316 500 369 r.
533 294 631 371 x1v.
681 296 716 387 §.
744 290 829 371 134.
1059 294 1137 375 749

50 482 341 585 perseverantiae
358 484 504 557 donum
520 506 601 553 non
618 506 771 567 omnes,
797 482 860 555 sed
888 484 1027 561 electos
1042 479 1137 561 itan·

51 608 138 661 tum
163 589 349 683 accipere,
378 584 592 667 contendit,
624 584 714 655 haec
738 584 847 657 sacris
870 588 1003 659 litteris
1027 614 1140 685 repu·
1169 625 1174 633 ·

53 707 174 789 gnant
190 706 226 759 et
242 690 367 757 iuncta
386 686 451 758 fibi
468 684 605 755 habent
622 686 691 754 alia
709 684 906 783 dogmata,
931 690 1062 761 itidem
1082 718 1138 763 er·

51 812 181 863 ronea.
245 796 313 861 Per
341 788 578 869 sententiam,
618 787 808 857 neminem
838 789 976 883 gratiae
1009 816 1075 885 per
1099 792 1137 867 se

53 888 191 964 efficaci
215 886 371 961 relistere
388 885 506 982 peffe,
534 886 671 957 necesse
696 904 789 970 erat,
818 908 861 957 ut
879 891 987 961 aliam
1014 894 1138 967 adhuc

53 994 213 1091 gratiam
230 992 459 1070 admitteret,
488 1008 583 1081 quae
602 988 648 1057 ad
664 988 962 1082 consequendam
979 990 1137 1069 salutem

54 1110 242 1165 aeternam
259 1092 359 1161 haud
379 1086 540 1159 sufficiat.
575 1092 630 1159 Ac
647 1092 816 1181 quamvis
833 1088 1005 1177 fateatur,
1021 1094 1138 1169 fidem

55 1210 96 1267 et
119 1194 275 1290 gratiam
302 1192 422 1262 amitti
447 1188 567 1285 posse,
608 1206 717 1283 putat
733 1208 866 1262 ¹tamen
891 1190 1019 1279 fimul,
1054 1218 1138 1271 eam

56 1296 217 1365 omnino
243 1294 288 1363 ab
312 1292 357 1363 iis
375 1288 442 1363 ess'e
458 1289 768 1383 recuperandam,
797 1293 862 1385 qui
879 1292 926 1361 ad
950 1312 1138 1371 aeternam

54 1396 176 1467 vitam
200 1400 320 1465 aDeo
346 1390 417 1463 tint
444 1386 712 1487 praedestinati.
772 1398 880 1463 Hunc
904 1392 1008 1467 fuiiie
1034 1398 1138 1473 illius

55 1492 296 1577 sententiam,
324 1512 401 1565 tam
418 1492 567 1565 evidens
593 1487 642 1562 est
659 1511 703 1561 ex
720 1492 860 1585 scriptia
879 1495 968 1581 eius,
996 1516 1139 1573 utnon

56 1612 196 1669 temere
220 1620 240 1667 a
264 1618 455 1691 quoquam
480 1594 608 1689 negari
632 1611 753 1685 queat.
771 1590 820 1683 *).
881 1598 931 1665 At
953 1622 1043 1669 vero
1070 1600 1140 1673 do·

58 1698 177 1771 ctrina
203 1698 292 1767 haec
308 1692 505 1789 Augustini
532 1695 578 1763 de
593 1694 717 1763 Gratia
734 1695 805 1765 Dei
830 1694 969 1769 diversa
993 1700 1141 1775 ratione

13 1821 20 1837 ·
59 1798 256 1871 exhibetur
281 1822 322 1867 ac
346 1794 581 1865 diiudicatur.
635 1794 709 1889 Qui
725 1795 825 1867 enim
838 1796 1142 1873 Praedestinatio·

56 1924 169 1983 rtem,
196 1924 241 1969 ex
265 1898 437 1967 absoluto
464 1893 632 1965 numinis
655 1896 800 1967 decreto
826 1898 1052 1991 profectam,
1081 1904 1144 1975 de·

58 1998 242 2085 fendunt,
268 2016 415 2069 tantum
441 1991 553 2079 abest,
580 2013 624 2064 ut
639 1992 888 2091 Augustinum
913 2002 952 2071 iu
972 2004 1143 2075 certami-

58 2102 174 2175 nibus
191 2122 275 2171 cum
293 2098 501 2195 Pelagianis
515 2096 675 2167 modum
699 2094 890 2185 excessiffe,
917 2120 1070 2195 putent,
1097 2122 1144 2177 ut

61 2223 159 2299 quac
183 2202 263 2273 aliis
281 2200 431 2271 duriora
447 2198 642 2280 videntur,
670 2222 709 2269 ea
727 2200 874 2270 veritati
896 2203 1142 2279 consentanea

61 2300 152 2389 effe,
180 2302 422 2373 contendant.
472 2305 528 2372 Ita
557 2300 627 2369 hac
652 2296 698 2371 de
721 2324 760 2369 re
778 2298 944 2374 sentiunt
960 2304 1146 2379 reforma·

61 2424 125 2477 tae
140 2402 318 2477 Ecclesiae
336 2408 540 2475 Doctores:
560 2406 687 2471 Coatt.
706 2406 939 2475 trnsnuur
955 2404 995 2475 in
1009 2410 1147 2505 Augu·

54 2494 176 2603 stium
201 2502 455 2582 Dominicani,
474 2500 885 2577 Praedeterminationis
902 2504 1147 2601 phyiicaede·

62 2606 249 2687 senserest
267 2606 357 2676 item
377 2610 646 2675 H-Nontsrtts
664 2605 702 2673 in
716 2608 758 2673 V
755 2606 894 2676 indiciis
903 2598 1144 2705 Augustinitt·

62 2712 132 2779 m's.
181 2707 240 2779 ab
257 2706 315 2777 his
334 2704 543 2788 discedunt,
572 2704 636 2799 qui
652 2705 711 2775 vel
727 2704 954 2779 Resornratis
971 2708 1006 2781 se
1023 2733 1148 2805 oppo-

63 2828 183 2893 nunt,
217 2808 280 2879 vel
304 2826 434 2878 contra
458 2804 668 2877 lanseuinm
697 2822 762 2875 aut
777 2808 1053 2883 Dorninicanos
1075 2836 1147 2905 pu·

65 2928 205 3009 guant,
232 2907 283 2978 ita
301 2926 445 2990 tumen,
471 2926 513 2979 ut
527 2904 592 3001 ipsi
608 2906 706 2977 inter
722 2905 756 2977 se
773 2906 992 2981 dissentiant.
1041 2918 1149 2983 Non·

63 3012 163 3083 nulli
185 3011 347 3107 ingenue
375 3008 559 3091 fatentur,
592 3002 841 3105 angustinum
868 3010 906 3079 iu
931 3030 1150 3085 controver-

64 3110 126 3185 tiis
152 3136 238 3183 cum
264 3109 469 3207 Pelagianis
494 3132 515 3179 a
538 3126 635 3179 recta
658 3108 718 3179 via
745 3108 922 3181 deflexisse
943 3114 1084 3209 hacque
1101 3114 1149 3189 de

66 3210 185 3287 cauffa
202 3210 410 3291 obseruant,
426 3208 686 3280 auctoritatem
703 3208 782 3281 eius
798 3214 1021 3283 necCalviui
1038 3214 1150 3287 secta·

66 3314 233 3393 toribus,
258 3336 328 3382 nec
352 3306 577 3391 lansenistia,
603 3332 672 3379 nec
688 3310 948 3383 Dominicauis
967 3314 1148 3409 praefidio

10 3470 15 3479 -
67 3412 137 3489 effe
166 3410 277 3509 peffe.
330 3414 405 3485 alii
431 3422 567 3483 contra
585 3408 835 3507 Atrguliiuum
867 3410 1061 3488 defendere
1086 3442 1152 3488 an-

67 3518 243 3589 nituntur
267 3538 308 3583 ae
331 3530 489 3607 negant,
516 3534 602 3581 eum
619 3535 684 3605 per
700 3510 757 3593 id,
784 3511 890 3607 quod
908 3514 1069 3589 nimium
1088 3514 1150 3603 est,

69 3639 206 3691 aveto
232 3612 424 3695 aberraffe,
457 3627 592 3707 putant
618 3628 763 3695 autem,
790 3630 953 3685 mentem
979 3617 1057 3688 eius
1080 3642 1153 3691 nec

69 3742 91 3791 a
115 3715 305 3801 lausenio,
337 3738 407 3787 uec
432 3716 476 3785 ab
501 3714 582 3783 aliie
608 3728 705 3784 recte
730 3712 822 3809 capi.
881 3718 1054 3791 Pluribus
1075 3716 1151 3793 hoc

72 3896 277 3915 Ἠ*

104 4010 129 4073 ⁰)
148 4004 297 4075 (ii-Gerr.
317 4002 346 4055 F.
367 4002 510 4063 Wrearru
528 3998 609 4075 l'erll
627 4014 654 4075 c.
669 4006 820 4075 pragmat.
835 3992 1037 4069 Darftaettung
1053 4000 1081 4057 d.
1090 4002 1154 4057 Au.

137 4070 388 4141 gtejtr'niam'snrur
421 4082 447 4123 et
475 4070 714 4137 Pelugratnsmrrr
748 4072 789 4119 dtr
813 4084 836 4122 z.
863 4068 977 4123 dritten
1002 4086 1153 4129 documen.

139 4140 272 4215 «ij-trade.
306 4140 384 4197 ΒειΙ.
406 4146 477 4197 tart.
495 4144 520 4194 fl.
545 4144 577 4206 ιι
594 4136 664 4191 lun.
681 4136 698 4191 6
716 4134 782 4201 Gr.)
