2542 4724
129 254 207 338 754
361 258 413 329 ‘c
437 278 464 329 1
488 275 527 327 u.
554 254 651 351 XIV.
684 250 743 339 ··§.
770 248 858 327 136.
883 251 972 329 1³7.

133 440 402 525 Rurseuusin
418 429 641 536 Augustino,
666 440 835 509 veritatis
852 440 1230 541 evangelico-cotho-

80 598 83 609 ·
138 552 231 621 sicae
249 534 337 635 teste
361 556 398 612 et
420 531 625 637 confeffore
644 566 680 634 p.
700 538 806 623 326.;
832 546 892 612 Ιο.
915 547 1161 619 Foauesrus
1175 552 1231 619 Iu·

134 642 260 744 struet.
277 635 595 737 histum-theolog.
615 641 686 710 Lib
715 646 814 710 XIII.
833 649 919 736 Cap.
936 642 974 713 li.
994 670 1033 739 p.
1050 646 1158 731 675,
1183 649 1231 721 in.

135 749 268 847 primis
294 752 352 815 Io.
380 748 497 814 Gon..
524 748 707 837 Batenos
741 746 796 812 Di
828 757 910 813 ert·
928 745 974 813 de
1003 750 1230 845 Purgatou‘o

138 844 441 944 Pontificiorum,
469 856 595 925 utrum
612 841 769 931 claris-te
784 847 945 914 timoniis
962 842 1231 947 Augrtlsiuiso·

139 952 213 1022 side
235 934 548 1043 probaripoffit?
580 967 675 1037 quae
694 942 812 1014 exstat
836 946 875 1013 iu
902 947 996 1017 Eius
1020 952 1172 1020 Decors.
1186 956 1229 1024 ΙΙ.

140 1043 309 1149 Disputt.
337 1045 544 1141 tsreologg.'
601 1049 660 1114 De
689 1044 770 1138 ipso
805 1064 928 1116 autem
967 1044 1070 1119 stetu
1103 1054 1232 1123 anima·

43 1234 46 1239 ¹
81 1154 86 1161 ⁴
138 1177 224 1225 rum
248 1142 331 1243 post
348 1163 511 1216 mortem
533 1143 741 1238 iisdemque
764 1148 991 1244 purgandis,
1019 1152 1138 1243 pluro
1159 1178 1228 1247 eru·

37 1244 42 1253 ’
138 1255 216 1325 dite
240 1274 282 1319 ac
299 1245 448 1339 copiose
475 1261 648 1316 enarrant
672 1252 818 1317 Tuom.
845 1255 1043 1322 lanatus
1075 1254 1228 1327 Exercit.

140 1355 187 1424 de
218 1351 324 1419 novis
347 1350 613 1416 Farraticorum
644 1349 892 1441 quorumdam
922 1342 1080 1446 nostrae
1111 1359 1232 1426 attath

137 1452 394 1548 Pu‘rgatoriis,
422 1472 516 1540 quae
537 1449 667 1517 locum
693 1449 860 1520 obtinuit
881 1450 922 1519 in
943 1456 1124 1527 eiusdem
1143 1455 1230 1551 Opu-

128 1549 242 1656 scuh's
268 1552 399 1632 variis,
426 1548 525 1642 Lips.
549 1548 659 1619 17111.
684 1548 720 1622 8.
747 1550 834 1622 edit.
860 1575 896 1644 p.
915 1552 1003 1624 150.
1030 1575 1074 1626 et
1095 1564 1230 1631 Io.G1t.

139 1662 370 1729 Waucmus
388 1647 534 1719 Dissert.
553 1649 599 1717 de
618 1641 720 1741 [totu
730 1666 972 1723 mortuorum
991 1669 1027 1725 et
1048 1653 1231 1759 repurgen-

139 1758 252 1841 tium,
281 1772 376 1847 quae
401 1744 513 1825 estin
534 1747 928 1853 Eiudeiscelsuueis
948 1748 1074 1852 [ocris
1098 1787 1138 1857 p.
1153 1760 1229 1837 258.

599 2006 634 2100 ᾗ.
688 2006 772 2084 137.

237 2176 382 2253 Factae
406 2194 569 2274 quoque
588 2173 679 2249 sunt
703 2174 960 2255 dissenfiones
978 2184 1154 2261 Petrum
1167 2190 1232 2265 Ec-

140 2277 297 2367 clesiae,
316 2279 378 2350 ita'
393 2292 439 2349 ut
463 2275 492 2350 fi
517 2278 584 2351 alii
608 2276 707 2372 quid
736 2275 994 2372 affirmarent,
1023 2286 1097 2360 atii
1116 2288 1159 2363 id
1172 2314 1232 2365 ne·

141 2396 296 2478 parent,
315 2404 408 2451 cum
425 2378 467 2450 in
484 2377 604 2451 rebus
624 2377 843 2468 historicis,
871 2397 960 2455 tum
978 2384 1230 2485 dogmaticis.

138 2480 400 2561 Occasionem
440 2478 532 2550 illae
568 2479 841 2593 praebuerunt
874 2486 1230 2589 Controuerfiorum.

137 2607 240 2678 quae
250 2580 433 2677 quamvis
452 2604 497 2650 ea
512 2595 668 2652 rotrone
684 2582 790 2654 iuter
806 2580 845 2654 se
863 2578 1099 2679 differrent,
1118 2611 1163 2668 ut
1176 2592 1231 2667 vel

136 2682 301 2757 maioris
336 2681 402 2752 vel
424 2681 595 2753 minoris
625 2677 746 2754 essent
769 2689 992 2778 momenti,
1022 2692 1080 2767 ad
1098 2691 1231 2770 funda.

135 2798 320 2858 mentum
337 2795 471 2853 tamen
488 2775 586 2853 fidei
601 2780 712 2855 haud
727 2781 967 2884 spectabant.

240 2952 677 3050 Quarurndanr.tantun1
710 2979 838 3030 earum
873 2962 1229 3071 Controverfiontnr,

84 3058 89 3071 '
137 3056 275 3156 quibus
299 3060 425 3126 Patres
449 3055 548 3126 inter
575 3055 610 3127 se
627 3057 873 3147 dimicarunt,
899 3071 1081 3165 exempla
1096 3100 1229 3148 memo·

134 3157 235 3243 rasse,
262 3154 310 3229 ad
336 3182 415 3227 rem
448 3156 685 3251 probandam
711 3178 823 3254 atque
847 3162 1120 3247 illustrandam
1144 3172 1229 3249 suffi-

41 3248 44 3253 ¹
134 3262 244 3333 cient.
297 3256 360 3327 De
383 3271 568 3351 tempore,
600 3262 724 3347 Sacris
751 3255 944 3362 Puscsrotis
970 3269 1228 3370 confirmado,

135 3367 212 3433 Sec.
241 3365 287 3430 II.
312 3384 350 3453 p.
376 3384 415 3428 n.
442 3359 527 3428 Chr.
555 3357 638 3430 or‘ta
669 3354 718 3431 est
744 3363 975 3458 disceptatio.
1031 3375 1228 3453 Anaticiu

134 3463 199 3534 alii
217 3456 423 3543 Christiani,
436 3461 500 3554 qui
515 3460 673 3545 inlocis,
695 3462 743 3532 ud
753 3464 944 3539 Orientem
961 3470 1226 3567 spectantibus,

133 3563 342 3661 degebant,
369 3560 504 3631 eodem
531 3578 703 3656 tempore
724 3589 809 3635 cum
837 3566 986 3643 Iudaeis
1015 3578 1157 3653 Pascha
1178 3606 1225 3655 oc·

130 3656 335 3746 lebrabunt,
357 3662 416 3733 die
432 3660 613 3733 nimirum
630 3668 725 3736 XIV.
742 3664 875 3738 mensis
891 3671 1025 3759 Nisan,
1043 3679 1086 3751 in
1104 3707 1224 3777 quam-

131 3790 295 3858 cumque
326 3763 357 3835 is
387 3762 636 3835 hebdomadis
666 3765 792 3837 lucem
835 3769 1034 3847 incideret.
1087 3786 1142 3855 At
1169 3782 1224 3881 qui

130 3872 276 3940 Romae
310 3882 421 3957 atque
454 3865 495 3935 in
530 3864 611 3935 aliis
647 3866 878 3961 regionibus,
906 3874 953 3943 ad
983 3882 1223 3957 Occidentem

127 3966 216 4049 fitis,
242 3961 424 4035 Christum
447 3966 635 4053 colebant,
655 3968 765 4037 nullo
785 3971 874 4053 alio,
896 3998 1017 4065 quam
1042 3986 1144 4058 Solis
1160 3986 1220 4067 die.

126 4068 311 4142 Paschatis
326 4071 432 4155 Sacra
444 4066 657 4166 peragenda
667 4066 745 4155 eisc,
757 4075 1031 4161 contendebat.
1074 4090 1221 4187 Utrirpoa
