2542 4724
450 238 824 347 Ctt.1.§.2'·.
1173 261 1200 332 7

99 436 201 541 rlrfiat
215 446 335 515 Rom.
353 455 395 515 et
412 438 624 515 orientalis.
657 444 738 514 Pur.
749 440 859 519 1580.
875 444 912 518 8.
932 448 999 543 qui
1016 446 1112 521 liber
1125 464 1182 523 rt·

94 570 139 619 m
153 544 332 641 quidem,
361 544 429 619 ted
444 543 647 619 mediocris
665 545 843 619 utilitatis
859 543 920 621 est.
1029 592 1032 597 ·
1148 578 1151 583 ·

169 652 267 719 Sim.
298 672 363 719 nn
389 653 563 732 Veron,
588 648 657 743 qui
678 646 840 744 scripsit:
878 650 1093 751 catalogue
1116 655 1181 726 des

91 754 256 821 moeurs
285 750 337 821 de
356 744 510 847 l'Eglt'st
528 750 693 834 deDieu,
720 763 807 821 tant
828 751 876 824 de
894 759 1090 850 ceuae,'qui
1110 770 1180 826 ont

92 852 138 921 e'te'
149 848 210 921 tle's
226 850 265 921 le
282 864 605 923 commenoement
618 852 670 921 du
687 853 835 939 monde,
853 868 1030 927 contortus
1042 882 1121 929 oux
1137 860 1178 929 S.

90 954 269 1039 trinua,
292 978 371 1049 que
383 953 432 1024 de
445 944 706 1053 plufieurs‚qui
723 969 795 1026 ont·
805 958 890 1050 puis
907 953 1019 1052 apris
1028 952 1181 1053 succede'

90 1080 146 1149 par
164 1054 281 1126 ordre
304 1058 430 1149 iusqu'
455 1050 481 1125 ὰ
504 1068 612 1127 notre
628 1068 732 1127 tems.
757 1056 1047 1153 'mpetu-'1602
1072 1060 1109 1147 6.

167 1160 284 1231 Atta.
317 1160 556 1242 Positum,
590 1157 699 1229 ouius
720 1160 958 1254 :Apparatus
979 1154 1092 1260 socer
1128 1162 1181 1233 ad

89 1261 286 1353 Scriptores
304 1260 362 1327 V.
378 1270 418 1329 et
433 1260 483 1330 N.
507 1262 572 1344 T„
598 1276 728 1361 eorum
741 1254 979 1355 interpretes,
1003 1262 1181 1361 Synodos

88 1364 249 1433 etPatres
266 1360 419 1431 latinos
431 1382 479 1429 uc
492 1384 662 1459 graecos,
675 1360 820 1433 torum
834 1352 1034 1459 uerfiones²
1059 1364 1179 1437 Theo·

89 1464 178 1561 logos
184 1452 463 1567 scholasticos,
489 1464 624 1556 quique
639 1460 773 1533 contro
789 1461 994 1534 haereticos
1009 1476 1179 1563 egerunt,

86 1582 178 1637 uer.
200 1562 365 1661 prodiit
379 1556 547 1658 'primum
561 1568 690 1635 Vener„
710 1563 808 1637 1603
825 1563 877 1660 lq.
899 1564 1036 1637 deinde
1051 1567 1178 1637 multo

83 1665 306 1765 locupletior
325 1680 366 1736 et
380 1663 616 1736 emendatior
631 1667 712 1737 Col.
729 1663 885 1762 Agripp.
904 1666 1015 1739 1708.
1037 1671 1084 1737 11.
1109 1664 1180 1737 fol

84 1774 162 1841 tlon
186 1790 317 1867 pauca
346 1765 436 1837 sunt
456 1764 568 1851 vitia,
608 1765 659 1837 ob
684 1790 780 1862 quae
806 1762 952 1839 vastum
978 1768 1060 1839 hoo
1081 1792 1180 1865 opus

81 1868 153 1943 iure
169 1866 481 1966 reprehenditur.

172 1976 278 2047 lton.
295 1976 576 2057 Baianum,
610 1968 678 2066 qui
698 1969 873 2091 reliquitt
911 1969 959 2043 de
980 1972 1181 2067 Scriptori·

81 2072 140 2145 ltut
169 2061 371 2173 ecclefiofi.
407 2068 507 2155 Lib„
556 2096 587 2143 c.
620 2070 806 2145 adiunctis
836 2070 1017 2145 indicibus
1041 2076 1107 2155 XI,
1140 2084 1179 2143 et

79 2174 174 2247 brevi
199 2172 458 2271 chronologia
475 2170 524 2244 ob
540 2171 630 2245 orbe
644 2174 794 2245 condito
809 2198 924 2269 usque
940 2174 993 2246 ad
1009 2200 1047 2246 a.
1068 2170 1180 2246 1612.

81 2282 190 2349 llum.
207 2274 326 2349 1613.
351 2272 392 2347 4.
428 2292 466 2347 et
491 2300 579 2348 cura
602 2280 636 2346 Ι.
653 2276 855 2346 Sirmondi.
906 2282 987 2347 Par.
1006 2272 1117 2349 1616.
1141 2270 1180 2346 4.

81 2378 197 2449 Liber
217 2378 290 2459 hic,
318 2375 408 2448 latit
432 2394 549 2449 notus
572 2400 618 2448 ac
637 2375 811 2462 celebris,
839 2376 944 2473 saepo
967 2375 1180 2446 litterarum

80 2478 217 2553 formis
231 2478 452 2573 descriptus,
478 2476 711 2563 emendatus,
737 2474 954 2563 illustratus,
971 2474 1182 2549 nuntium·

82 2600 140 2653 ιω
156 2578 219 2665 ost,
246 2580 482 2653 nominatim
502 2586 656 2653 aPmn.
673 2584 843 2651 ωηο
869 2580 973 2668 (Par.
992 2575 1104 2651 1660.
1130 2581 1178 2648 11.

81 2684 131 2765 ll)
156 2688 301 2755 Axon.
334 2706 396 2753 na
419 2686 594 2755 siassu
623 2675 752 2777 (Tulli
774 2686 934 2753 Leucor.
957 2680 983 2750 i.
1008 2704 1040 2753 o.
1067 2678 1179 2763 Toul

84 2784 188 2859 1661.
214 2780 255 2855 4.
293 2800 333 2855 et
358 2785 495 2856 Calon.
521 2778 631 2858 1684.
656 2780 736 2873 4.),
770 2799 809 2855 ot
830 2788 977 2855 Cnstm.
1002 2784 1177 2853 Oumuo

82 2890 173 2973 (Por.
202 2884 322 2961 1682.
346 2882 401 2975 8.)
1060 2930 1064 2935 -

177 2992 437 3073 Autronio,
464 3009 630 3083 quorum
645 2981 768 3058 studio
791 2986 834 3057 in
851 2988 977 3057 lucem
993 2982 1093 3055 edita
1111 2976 1181 3053 eft:

83 3096 236 3189 Magna
261 3084 498 3161 Bibliotheca
528 3077 765 3189 ecclefiasticu
782 3081 816 3189 s
841 3087 992 3159 Notitia
1010 3086 1182 3178 Scripto-

86 3220 160 3263 rum
184 3179 384 3285 ecelefiost.
409 3202 576 3261 veterum
600 3210 646 3261 nc
670 3193 936 3273 recentiorum,
962 3189 1001 3257 in
1025 3208 1103 3281 qua
1119 3206 1181 3253 or·

88 3296 162 3365 tou
178 3288 426 3387 alphabetico
452 3294 660 3363 continetur
679 3294 890 3363 Auctorum
901 3282 1103 3389 sacrorum
1129 3284 1179 3365 V,.

88 3410 118 3465 tt
130 3398 181 3465 N.
197 3398 260 3477 T..
277 3396 492 3465 Arctorum
508 3384 797 3491 apostolicorum
812 3406 850 3463 ot
867 3394 937 3461 SS.
951 3392 1110 3458 Patrum
1128 3386 1184 3475 ui-

88 3510 142 3566 tae
165 3494 467 3589 compendium,
509 3508 545 3567 et
577 3518 707 3567 eorum
726 3488 872 3595 scripta
907 3497 1183 3561 enumerantur.

87 3602 191 3669 Tam.
210 3602 241 3668 1.
288 3598 426 3667 Colon.
449 3597 595 3669 Allobr.
619 3594 731 3669 1734.
757 3592 827 3666 fol.

168 3697 432 3793 Scripton‘bus
448 3698 507 3771 hia
529 3698 559 3769 ii
575 3695 807 3794 adiungendi
822 3694 921 3776 lunt,
939 3689 1005 3785 qui
1023 3688 1063 3759 in
1083 3708 1187 3758 enar·

93 3800 214 3871 randis
230 3800 469 3873 Auctoribus
495 3796 759 3883 ecclefiasticis,
802 3792 991 3891 speciatim
1015 3808 1188 3881 tempore

94 3902 265 3973 Foederit
282 3896 500 3996 posterioris
511 3903 629 3986 claris,
649 3925 801 3995 operam
819 3894 1039 3991 posuerunt.
1069 3892 1188 3960 Gene-

94 4000 389 4087 diminitum,
407 4028 503 4100 quae
522 4003 738 4099 lequuntur,
758 3996 903 4097 ingenii
918 4004 1189 4064 monumenta:

193 4110 258 4183 lo.
277 4106 536 4177 Tnmutmn
548 4105 787 4175 collectanea
804 4100 848 4169 cle
865 4082 1054 4191 ecclesiast.
1067 4090 1190 4179 Scrip-

101 4206 251 4291 toribus,
280 4232 387 4302 quae,
415 4204 618 4304 postquam
639 4204 780 4301 inopius
797 4200 970 4297 publicat
985 4194 1064 4265 luci
1080 4210 1194 4282 expo·
