2542 4724
93 1035 621 1179 PRAEFATIO
674 1036 1164 1192 morolzis,

524 1339 736 1355 m

196 1573 562 1688 LECTORI
593 1486 1094 1694 BENEVOLOJ

79 1877 269 2013 Eorum,
300 1947 404 2024 quae
416 1919 597 2024 praefari
610 1921 715 1998 mihi
737 1922 999 2001 constitutum
1016 1924 1084 2017 est,
1101 1926 1181 2004 ini-

81 2062 179 2135 tium
193 2060 263 2160 pia
285 2057 468 2156 iustaque
492 2053 619 2132 cauffa
645 2055 867 2151 adductus,
901 2085 923 2135 a
944 2060 1190 2155 laudatione¹

82 2194 256 2269 caelestis
283 2176 560 2293 benignitatis,
583 2193 630 2266 in
652 2190 864 2268 scribendo
879 2195 985 2279 libro
1012 2198 1092 2275 hoc
1110 2198 1180 2274 ab·

81 2327 195 2405 unde
216 2328 318 2403 mihi
340 2329 592 2420 monstratae,
618 2323 738 2402 facio.
790 2329 874 2403 Dei
894 2330 1033 2430 gratia,
1056 2357 1179 2430 quam

78 2465 123 2541 in
144 2464 286 2541 labore
310 2464 393 2541 hoc
417 2480 604 2567 expertus
630 2461 733 2554 sum,
758 2488 905 2565 magna
927 2464 983 2542 est
998 2492 1043 2541 ac
1058 2468 1179 2570 plano

81 2600 309 2703 lingularis.
362 2600 546 2701 Contigit
570 2590 739 2674 nistiori
766 2597 867 2691 casu,
891 2617 939 2677 ut
962 2600 1014 2677 de
1039 2570 1187 2680 altiori¹

81 2736 285 2815 librorum
318 2732 418 2810 scala
450 2734 658 2810 &elaberer
692 2759 737 2808 ac
767 2738 952 2834 quamvis
980 2738 1092 2812 nulla
1114 2742 1179 2815 vis

84 2873 246 2975 corpori
271 2898 317 2946 ac
339 2871 519 2973 partibus
546 2873 632 2947 eius
658 2865 774 2946 fieret
799 2898 844 2946 ac
867 2875 982 2948 Deus
1006 2875 1184 2948 clemen·

84 3006 220 3100 tiffime
232 3003 425 3099 efficeret,
444 2986 838 3084 ut'omniamembra
854 3033 876 3079 a
894 3009 1081 3109 periculo
1097 3023 1204 3082 tuta.

85 3142 205 3221 effent
224 3162 343 3242 atque
360 3145 517 3244 integra
534 3170 578 3218 ac
587 3143 759 3247 proprio
775 3141 902 3243 posita
917 3143 1011 3216 loco
1024 3128 1186 3244 permass

85 3296 227 3355 nerent
237 3307 250 3371 3
279 3294 414 3354 tamen
432 3278 562 3380 lapsus
580 3279 744 3353 hicnon
760 3304 903 3379 parum
922 3276 1067 3352 exstitit
1082 3277 1185 3350 mihi

89 3414 351 3492 calamitosus.
405 3412 892 3516 Iaeuiplanoprostratus:
921 3408 1184 3488 omnemfero

88 3550 283 3628 movendi
298 3575 365 3624 me
384 3549 469 3624 vim
488 3548 619 3624 amisi:
646 3547 800 3649 spastici
818 3548 981 3623 dolores
1008 3573 1056 3620 ex
1074 3542 1186 3647 lapsu

89 3684 386 3761 remanserunt:
413 3682 576 3760 dolores
593 3683 667 3774 illi,
686 3685 757 3783 qui
776 3708 825 3757 ex
840 3682 988 3758 lumbis
1008 3682 1053 3757 in
1075 3696 1184 3756 aitus

91 3819 306 3898 inferiores
337 3814 377 3896 se
412 3820 658 3911 extendunt·,
691 3844 803 3895 nunc
832 3817 1048 3906 continuo,
1076 3839 1187 3890 nunc

90 3981 159 4056 per
183 3956 399 4053 intervalla
417 3953 571 4030 summa
593 3980 687 4030 cum
705 3953 963 4029 vehementia
983 3936 1188 4050 affligunt:

92 4092 215 4166 eundi
241 4090 476 4167 facultatem
505 4088 534 4165 li
559 4118 645 4166 non
669 4091 831 4190 penitus
856 4088 1027 4174 tollunt,
1054 4080 1189 4156 immi·

93 4242 367 4307 uuuuttamen
378 4226 493 4305 istam
507 4251 552 4302 ao
569 4220 775 4302 difficilem
785 4222 982 4300 reddunt:
1007 4217 1189 4295 animum
1212 4280 1215 4285 .
