2542 4724
394 278 615 391 cunin
666 312 818 407 §.104
1093 324 1170 405 609

67 518 230 620 gratiam
262 516 434 619 ingratos
465 514 666 616 inungui
682 552 685 557 ·
701 520 913 595 Hrrrnrus
947 518 1169 607 Arelateulia
1255 564 1258 575 ·

66 613 239 721 Epistola
274 622 326 692 ad
348 610 614 719 Augustinum‚
645 642 741 716 quae
773 621 903 696 locum
934 640 1043 699 tenet·
1067 612 1168 707 inter

65 719 357 825 Augustinianas
382 724 525 793 litteras
534 746 546 805 ς
573 718 720 793 'Auctor
742 722 885 818 operis,
911 728 1015 821 quod
1038 729 1168 805 inscri-

66 826 174 899 bitur
189 826 235 897 de
253 828 297 895 V
294 826 465 896 oratione
490 824 656 892 omnium
671 826 842 918 gentium
862 843 899 897 et
915 828 960 899 ab
979 830 1060 903 aliis
1075 835 1168 907 Am·

66 924 208 1011 brolio,
242 924 288 997 ab
321 926 403 997 aliis
436 930 621 1020 Prospero
644 924 905 1019 Aquitano,a
939 931 1169 1025 quibusdam

62 1028 214 1103 Hilario
224 1023 440 1109 Arelatensi,
454 1051 474 1095 a
490 1024 689 1097 nonnullis
700 1031 884 1123 Prospero
896 1032 1166 1125 Aurelianenli,

63 1132 128 1205 vel
142 1129 265 1202 Leoni
283 1134 340 1199 M.
360 1127 551 1198 tribuitur.
665 1170 679 1189 -ι

167 1232 235 1319 20)
261 1219 410 1324 Nesto
425 1256 444 1297 r
458 1231 505 1298 ia
522 1254 546 1297 n
561 1250 583 1299 o
600 1248 634 1313 s,
664 1252 711 1299 ex
727 1230 874 1303 Graecis
893 1230 1165 1313 confutaruntt

63 1338 259 1407 Pnocuus
291 1331 530 1400 Laudatione
562 1332 599 1399 in
613 1321 884 1428 sauctiffintam
898 1337 973 1403 Dei
1002 1342 1164 1433 genetri-

64 1460 146 1509 cem
164 1434 337 1503 Mariam
345 1456 363 1510 ;
385 1431 456 1502 alia
473 1431 644 1501 Humilia
670 1430 715 1502 de
731 1436 988 1506 incarnatione
1004 1440 1165 1512 Domini
1232 1468 1236 1477 ¹

63 1525 180 1632 nostri
191 1540 223 1606 Ι.
237 1529 322 1604 Cirr.
338 1551 375 1604 et
389 1528 556 1628 Epistola
572 1531 617 1603 de
632 1533 723 1602 Fide
738 1532 790 1603 ad
801 1537 1003 1607 Armeniae
1014 1538 1162 1615 Presbb.

64 1650 104 1709 et
119 1635 455 1718 Arcliirnandritas,
480 1658 555 1729 qua
578 1632 722 1704 refellit
732 1631 894 1706 Neliorii
915 1656 952 1709 et
968 1639 1164 1715 Theodori
1258 1666 1261 1671 ·

63 1734 323 1836 Mopsuestani
360 1734 579 1819 sententiam
614 1732 810 1807 Theodori
849 1757 975 1819 autom
1015 1744 1163 1817 nullam

62 1840 302 1915 mentionem
318 1834 418 1921 fecit,
434 1860 484 1907 ne
500 1838 709 1920 Armenes,
730 1836 868 1931 quibus
884 1866 966 1911 cara
983 1862 1062 1915 erat
1081 1843 1162 1917 eius

61 1940 260 2025 memoria,
276 1934 502 2020 offenderet3
514 1937 550 2028 *)
567 1932 776 2009 Ornatus
791 1940 901 2010 Alex.
914 1995 923 2025 ,
936 1944 1001 2036 qui
1018 1970 1160 2045 magno
1173 2020 1179 2037 ,

61 2040 188 2118 studio
207 2059 337 2115 contra
347 2036 562 2111 Nestorium
580 2039 766 2136 pugnavit
785 2064 827 2111 ao
845 2040 983 2138 scriplit
999 2046 1109 2116 Libb.
1128 2054 1162 2120 V

62 2146 154 2217 adv.
173 2136 335 2239 Nestorii
359 2139 608 2235 blasphemias
626 2140 988 2223 contradictionum
1013 2149 1160 2242 Expla-

62 2250 256 2319 natioaem
280 2247 363 2315 XII
388 2242 649 2337 Capitaiorum
675 2240 701 2312 s.
727 2244 1159 2337 Anathematismorum,
1200 2318 1207 2331 ,

62 2348 151 2421 adv,
175 2343 392 2421 Nestorium
423 2345 465 2413 in
490 2343 647 2434 Synodo
677 2341 856 2438 Ephelina
879 2347 1157 2442 scompofitamt

60 2444 357 2548 Apologeticum
388 2469 459 2540 pro
491 2448 573 2514 XII
595 2446 789 2539 capitulis,
833 2464 965 2518 contra
994 2451 1159 2525 Orientis

60 2550 292 2649 Episcop0s3
320 2548 405 2618 adv.
429 2549 755 2644 impugnationem
782 2550 865 2617 XII
884 2550 1159 2643 Capitnlornm‚

61 2680 89 2727 o
117 2648 352 2725 Tlreocioreto
381 2648 522 2718 editam
536 2649 593 2729 **)
621 2665 659 2718 et
680 2645 972 2747 Apologeticum
996 2652 1043 2722 ad
1062 2660 1160 2750 Imp.

57 2750 332 2829 Theodosium.
377 2756 482 2820 Num
500 2767 626 2821 autem
637 2750 800 2840 Cyrillus
813 2768 979 2822 mentem
996 2750 1161 2827 Nestorii

57 2874 163 2929 recte
183 2852 229 2927 fit
254 2851 466 2946 alloquutus
492 2876 534 2922 ac
555 2850 815 2946 proposuerit,
843 2876 913 2923 nec
935 2852 1010 2925 ne?
1039 2856 1086 2927 de
1109 2881 1157 2929 eo

61 2956 277 3053 disputatur
285 2981 295 3037 ;
322 2960 590 3023 Tunonorus
603 2954 825 3043 Ancyranus
835 2955 1005 3024 Humilia
1025 2971 1158 3030 contra

60 3048 275 3155 Nestorium
286 3054 364 3142 ***)
382 3071 418 3123 et
433 3052 550 3122 Libro
569 3055 653 3123 acl-o.
670 3043 881 3149 Nestorium
899 3054 917 3123 l
935 3047 1095 3149 Nestorii
1110 3080 1158 3131 co:

59 3161 258 3256 Scriptura
268 3157 401 3229 ctFidc
412 3153 731 3227 ConciliiNicaeni
743 3154 965 3254 confutatio.
975 3156 1016 3248 t)
1033 3164 1156 3233 loan-

92 3418 123 3487 ⁰)
142 3414 252 3470 Pnocra
269 3411 385 3484 Scripta
424 3430 446 3467 r.
465 3418 494 3464 et
511 3411 561 3468 lut.
580 3410 677 3471 edidit
691 3404 950 3476 Elmeahorstins,
976 3411 1075 3485 Lugd.
1093 3413 1156 3473 But.

130 3488 207 3543 1617.
226 3488 252 3541 8.
281 3482 370 3559 plura
429 3481 561 3536 'ecardus
586 3480 673 3557 llam.
694 3486 768 3537 tato.
793 3485 818 3536 4.
856 3480 1002 3533 llomiliut
1027 3501 1052 3538 c.
1077 3502 1156 3541 nova

69 3600 73 3607 .
128 3552 264 3608 verlione
296 3570 330 3605 ro
356 3555 432 3604 notis
462 3548 656 3616 (Jonrlrclrliur
679 3556 803 3605 Auctor.
830 3566 900 3601 nou.
927 3548 1069 3604 trititiam.
1094 3552 1154 3606 111³.

128 3622 218 3679 'l'ouu
236 3620 258 3675 l.
295 3620 404 3676 Latine
423 3616 474 3673 iliu
491 3618 604 3674 exilant
622 3618 698 3673 Jtitt.
717 3618 801 3672 Patr.
819 3616 921 3688 Lugd.
940 3618 991 3685 Vl,
1007 3624 1068 3679 539,

93 3718 134 3786 ”)
159 3714 377 3771 Turonorum
402 3712 572 3768 Nestorium
604 3712 736 3767 defendit
769 3712 802 3765 in
828 3710 1065 3779 Ilcpreheafiarre
1091 3712 1157 3769 XII

129 3784 222 3855 Capp.
239 3784 267 3855 s.
287 3782 620 3837 Anatlrcmatr'smorum
640 3779 749 3854 Cyrillt'
764 3790 851 3855 atque
869 3780 935 3835 aliit
954 3780 1078 3854 scriptit.

94 3879 310 4005 ··i)21¹i⁸⁰1¹(iig
328 3876 417 3932 estin
437 3876 620 3931 collectione
646 3875 852 3930 Conciliorum
872 3874 1044 3943 lltnuunn,
1065 3892 1109 3948 gr.
1127 3883 1157 3932 ot

142 3968 180 4003 ι.
212 3984 221 4007 ,
283 3972 317 4003 r.

92 4046 123 4115 θ)
140 4042 183 4097 lta
200 4040 316 4096 librum
334 4041 416 4094 hunc
436 4032 629 4107 Camlrrfifius
645 4034 790 4108 inscripsit
807 4053 937 4108 eumque
955 4056 979 4091 c.
998 4037 1075 4092 notit
1092 4057 1157 4093 ver·

128 4112 211 4169 lione
227 4120 316 4187 atquo
334 4117 447 4163 annott.
467 4111 498 4162 in
520 4109 618 4162 lucem
642 4108 737 4161 omitit
754 4106 817 4160 Par.
840 4110 970 4181 162538,
994 4118 1080 4161 antea
1105 4126 1156 4162 on·

10 4210 26 4233 ·
126 4190 190 4238 tem
208 4180 258 4237 itte
277 4180 392 4255 prodiit
409 4176 505 4234 lindio
527 4178 633 4234 Frunc.
651 4176 738 4234 circ.
756 4175 927 4304 Eup-ippum,
948 4173 1033 4231 Rom.
1046 4181 1120 4235 1669.
1128 4184 1155 4234 8.
