2542 4724
394 284 544 364 Gar.
581 288 676 362 vm.
730 287 854 380 §.78.
959 352 966 365 .
1090 272 1174 364 ³473

82 475 238 548 thaeum
266 490 304 546 et
327 474 506 569 quasdam
528 474 634 545 Pauli
659 469 841 569 Epistolas
869 496 949 544 non
979 498 1097 570 peuce
1124 477 1174 548 ed

83 577 233 651 sensum
261 577 467 647 variorum
503 576 696 669 utriusque
729 571 955 646 Testamenti
995 580 1174 652 locorum

85 676 390 751 constituendum
414 677 521 746 utilia
551 678 731 774 cognosci
750 672 881 770 posse.
934 676 1025 749 Nec
1042 679 1173 750 obser·

83 782 257 851 vationes
282 780 429 848 criticae
460 795 496 847 et
521 778 705 848 versiones
737 778 893 862 latinae,
939 777 1190 867 Psalnrprum¹

82 904 222 975 nempe
253 897 289 950 et
313 877 567 973 quorumdam
600 878 784 947 librorum
810 884 857 946 N·.
886 884 929 948 T.
957 878 1019 950 sua
1048 901 1193 969 carent,

82 983 261 1067 utilitate.
328 981 398 1053 Sed
436 981 558 1050 multo
593 980 736 1049 maiora
772 976 1172 1076 praestarepotuislet,
1254 1064 1258 1071 ¹

80 1080 156 1159 nifi
180 1080 333 1181 ingenio
359 1079 473 1151 seculi
498 1080 552 1149 sui
583 1080 622 1148 in
648 1076 799 1171 mystica
825 1081 1096 1175 interpretandi
1119 1110 1176 1155 ra·

80 1186 193 1257 tione
216 1182 380 1257 nimium
405 1178 627 1263 indullrslet,
662 1178 730 1250 nili
755 1181 874 1251 multa
899 1177 1079 1253 effudisset
1103 1200 1174 1280 pp'-

82 1284 184 1367 tius,
205 1278 323 1379 uuam
341 1300 509 1353 accurate
528 1278 725 1375 scripsisset,
750 1306 819 1351 nec
835 1276 1083 1376 superstitiosa
1102 1303 1175 1357 tra-

82 1382 243 1461 ditionis
270 1401 307 1458 et
329 1383 561 1477 antiquitatis
587 1381 827 1454 veneratione
852 1384 1080 1477 quominus
1108 1412 1174 1459 ve·
1233 1384 1236 1389 ’

81 1511 172 1559 rum
190 1484 353 1566 videret,
381 1486 485 1579 saepe
504 1482 627 1555 suisset
640 1484 856 1579 impeditus.
877 1486 910 1573 *)

186 1591 243 1659 Μ.
267 1592 450 1659 Auaron
475 1591 728 1658 Cass1onon1
760 1584 868 1655 Libb.
886 1591 922 1656 11
955 1586 1001 1658 de
1026 1579 1175 1684 Institu-

82 1689 186 1759 tione
201 1686 409 1758 divirmrum
427 1687 653 1770 litterarum,
689 1685 826 1779 quibus
851 1688 972 1758 veluti
991 1688 1175 1787 Isagogen

82 1789 134 1861 ad
151 1788 383 1886 theologiam
408 1789 633 1886 exegeticam
654 1785 803 1859 exhibet
820 1812 861 1858 ac
878 1789 1055 1861 notitiam
1075 1810 1175 1865 vete·
1216 1846 1219 1851 -

82 1916 172 1962 rum
189 1888 436 1986 interpretum
453 1889 682 1983 suppeditat;
720 1882 984 1959 Commentorii
1007 1895 1043 1961 in
1069 1887 1173 1992 Psel-

82 2015 188 2077 mos,
231 2017 278 2064 ex
295 1986 511 2087 ,Augustino
544 1986 622 2059 fere
656 1989 788 2071 sumti,
833 1990 890 2059 uti
914 1990 989 2084 ipse
1015 1991 1175 2079 fatetur3
1212 1988 1215 2001 '

86 2092 369 2189 complexiones
394 2094 431 2162 in
454 2080 641 2189 Epistolos
666 2103 703 2160 et
726 2094 828 2161 Acta
853 2084 1119 2186 Apostolorum
1137 2112 1176 2167 et
1235 2130 1239 2145 ¹

83 2180 377 2292 Apocalypfin..

187 2298 252 2365 Pu
265 2320 278 2364 1
291 2319 441 2366 iussu
468 2292 747 2366 Commentario
770 2295 806 2360 in
829 2283 1015 2388 Epistolns
1036 2297 1174 2381 Paulli,

84 2418 250 2491 quaeest
274 2396 520 2486 Hieronymi,
560 2390 762 2477 Ambrosii,
800 2390 1031 2491 Augustini,¹
1062 2397 1176 2468 etiam

83 2494 227 2595 Pelagii
244 2496 531 2566 Commentariis
558 2495 713 2566 collecta
738 2493 843 2581 sunt,
879 2518 921 2565 ac
939 2496 1175 2567 Commenta·

82 2599 144 2669 rio
163 2600 200 2669 in
215 2588 481 2696 Apocalypfirr.

188 2703 308 2771 Ptuoa
335 2699 484 2793 quidem
511 2696 617 2783 sunt,
651 2722 744 2793 quae
770 2704 1011 2770 Gnecomos
1038 2703 1093 2770 M.
1127 2698 1176 2771 id

83 2799 435 2896 interpretationem
454 2805 499 2869 N.
518 2805 562 2870 T.
574 2800 764 2893 contulit,
799 2801 911 2899 digna
935 2817 1060 2870 tamen
1083 2800 1175 2887 vise,

83 2925 183 2998 quae
212 2900 254 2972 in
280 2926 400 2970 unum
431 2926 564 2995 corpus
591 2901 828 2998 colligantur.
889 2897 1070 2971 Praestitit
1101 2903 1177 2975 hoo

84 3008 348 3075 Annunrnus
373 2993 609 3100 'l'ornecerr'fis
626 3002 737 3084 libro,
766 3003 826 3072 cui
848 3003 1002 3072 titulus:
1033 3006 1176 3099 Grego-

83 3106 195 3174 riana
203 3096 318 3203 super
334 3107 383 3172 N.
400 3106 455 3185 T,
484 3128 529 3173 erc
546 3099 681 3197 operib.
700 3101 733 3171 b.
757 3105 928 3200 Gregorii
943 3104 1074 3198 Papae
1091 3108 1169 3176 En·

87 3218 237 3300 cerpta,
264 3209 342 3275 Par.
363 3204 472 3275 1616.
498 3204 534 3274 sl.
1038 3209 1044 3234 ⁸

95 3320 99 3331 '
189 3310 434 3387 Benninor,
464 3304 559 3375 Abb.
578 3298 891 3389 Claraevallenfis',
922 3322 1066 3400 praeter
1090 3308 1173 3375 Ser·

85 3422 216 3479 mones
238 3408 452 3474 LXXXVI
477 3408 513 3474 in
540 3408 696 3475 Curetica
723 3408 982 3490 Canticorum,
1023 3407 1177 3478 nullum

89 3508 244 3603 quidem
269 3503 381 3577 exstat
404 3524 715 3591 monumentum,
753 3506 857 3600 qnod
874 3504 919 3579 ad
941 3506 1176 3605 theologiam

89 3608 319 3705 'exegeticam
352 3607 501 3703 proprie
528 3606 681 3703 spectet,
715 3610 865 3677 nnrltae'
880 3625 1004 3679 tamen
1031 3608 1070 3677 in
1097 3608 1177 3685 eius

88 3708 274 3805 Operibus
291 3712 324 3778 S.
342 3713 375 3779 S.
391 3709 636 3780 inveniuntur
652 3707 996 3804 interpretationes,
1024 3733 1115 3805 quas
1134 3708 1177 3779 in'

87 3860 301 3874 m

122 3934 148 4000 ⁹)
166 3928 386 3985 Rosrrnfimrrt
411 3929 431 3983 l.
459 3949 483 3986 ο.
502 3948 530 4003 p.
546 3935 607 3989 898.
650 3933 662 3999 (
672 3928 707 3985 L.
736 3929 945 3991 Enormrorrl
971 3928 1178 4001 Hieronymus

158 3998 293 4053 Stridon.
319 3999 481 4068 interpres,
518 3999 657 4066 criticus,
685 4008 811 4071 exegero
829 4010 899 4063 eto,
936 3999 1028 4051 Havn.
1054 4016 1074 4052 s.
1095 4016 1127 4049 a:
1148 4002 1175 4052 tl.

156 4064 211 4119 los·
234 4064 385 4121 Zvrntorrt
410 4068 557 4140 Apologia
583 4068 624 4125 D.
646 4065 828 4141 Hieronymi
850 4069 920 4124 odo.
945 4065 990 4121 Io.
1017 4065 1177 4130 clericum,

159 4134 389 4208 l'tiburg.1752·
411 4140 436 4193 8.
