2542 4724
31 226 189 313 :aas
297 196 326 297 ss
394 188 876 361 'cravasca
985 340 989 349 Ι

57 438 75 479 ’·
116 404 337 521 interpretes
358 410 539 509 ¹historiae
560 420 749 492 Mosaicae
778 420 825 491 cle
846 444 961 517 opere
984 421 1209 507 creationis,

118 526 238 621 spatio
256 526 318 596 sex
335 502 479 595 dieruin
495 541 680 617 peractae,
714 528 940 607 Basrmus,¹
959 522 1209 595 Amanosrus

119 648 232 722 atque
247 626 321 697 alii.
375 624 503 719 Qualis
529 621 573 693 fit
600 623 755 695 illorum
771 623 932 699 eruditio
951 622 1119 718 physica,
1148 626 1213 697 vel

82 736 86 745 '
119 752 225 801 exeo
246 726 491 825 intelligitur,
523 723 626 818 quod
642 724 796 819 plurimi
819 724 859 794 in
877 721 1119 823 eamingressi
1138 722 1214 796 sint
1250 734 1259 815 j

120 827 358 925 sementiam,
387 824 588 909 Tenebras,
616 850 774 920 quarum
801 819 923 926 Genes
942 832 978 910 I,
1000 826 1044 903 2..
1061 826 1212 919 mentio

120 930 183 1014 lit,
220 929 393 999 umbram
415 924 541 1010 fuisse,
586 951 698 1020 quam
718 928 861 997 melum
886 945 1004 999 terrae
1034 945 1072 997 et
1101 928 1214 1023 aquis

17 1034 22 1043 ’
120 1028 388 1103 conciliaverit.
432 1027 592 1123 Quando
613 1028 657 1097 de
674 1027 778 1123 aquis
796 1024 1116 1122 supracaelestibus
1137 1030 1215 1101 dis·

25 1138 29 1149 '
73 1130 79 1143 '
117 1148 256 1229 putant
284 1154 419 1225 easque
451 1146 579 1201 contra
610 1128 720 1210 illos,
762 1128 827 1222 qui
855 1126 938 1201 istas
969 1130 1213 1229 impugnant,

117 1233 278 1329 probare
319 1231 561 1315 annituntur,
618 1229 744 1301 inania
780 1246 892 1325 atque
924 1230 1214 1326 inepta·prose·

119 1351 212 1405 runt
219 1359 231 1417 ;
264 1331 317 1403 ita
335 1351 460 1404 autem
480 1331 515 1401 se
537 1329 624 1400 artis
642 1329 735 1401 bene
758 1352 800 1401 ac
816 1348 914 1405 recte
930 1332 1125 1429 cogitandi
1141 1334 1216 1405 im·

120 1434 263 1533 peritos
287 1430 393 1504 fuisse
426 1428 636 1505 ostendunt.
697 1436 882 1517 Cosmus,
907 1432 1123 1505 Monachus
1141 1440 1215 1507 Ae-

122 1536 289 1635 gyptius,
319 1550 577 1632 cognomento
596 1522 866 1627 Indepleaftes,
882 1528 1217 1632 'Zopographiam

101 1627 360 1731 ,christianam
384 1634 410 1707 s.
439 1625 728 1726 Christianorum
760 1636 969 1726 opinionem
994 1636 1038 1707 de
1061 1638 1214 1709 Mundo

32 1744 35 1749 '
122 1734 264 1832 scripsit
280 1760 322 1807 ac
339 1752 456 1832 quum
471 1754 612 1807 veteres
624 1730 818 1812 Christiani
837 1730 1095 1821 existimarent,
1116 1736 1216 1837 sigu-

30 1828 61 1891 '·
121 1864 204 1913 ram
228 1838 329 1909 orbis
356 1855 538 1908 terrarum
570 1860 652 1907 non
683 1834 927 1931 sphaericam,
971 1836 1033 1909 sed
1059 1838 1217 1933 planam

27 1944 32 1953 '
107 1938 210 2025 ,effa
244 1932 577 2011 sententiamhanc
601 1936 776 2033 probavit
798 1955 909 2035 atque
934 1964 978 2009 ex
1000 1940 1217 2012 hocterrae

105 2040 195 2113 'situ
212 2036 383 2135 eclipses,
419 2056 600 2135 ortusque
623 2057 660 2111 et
678 2038 827 2110 occasus
846 2038 1005 2111 siderum
1029 2042 1217 2137 explicare

122 2141 193 2214 sibi
216 2138 361 2227 sumsit,
403 2139 454 2211 ita
481 2156 631 2225 tamen,
675 2159 719 2210 ut
750 2138 863 2211 miras
895 2166 1014 2239 nugas
1045 2138 1217 2215 strueret.

124 2248 229 2339 Opus
254 2244 331 2314 hoc
352 2241 534 2315 recensuit
550 2247 757 2326 Puorros,
795 2241 885 2311 eoa
902 2245 1038 2328 XXX,
1067 2268 1115 2315 ex
1131 2266 1215 2339 quo

122 2343 310 2417 summam
328 2344 459 2439 Operis
484 2345 595 2414 huius
620 2344 769 2413 exhibet
791 2345 903 2414 etiam
929 2350 1217 2419 Faonrcrus

16 2464 19 2473 ’
124 2444 300 2535 Biblioth.
329 2470 389 2543 gr.
424 2444 510 2516 Lib.
528 2450 591 2515 111.
626 2449 712 2538 Cap.
732 2442 814 2528 25.;
856 2445 897 2514 in
930 2445 1053 2516 lucem
1086 2464 1219 2520 autem

125 2545 245 2619 emisit
266 2552 398 2616 Banu:
421 2570 478 2617 DE
504 2550 829 2630 Monrraucon,
870 2547 911 2617 in
937 2547 1086 2617 collect.
1115 2572 1219 2619 trouu

127 2652 285 2719 Patrem
300 2660 336 2715 et
355 2647 532 2740 Scriptor.
547 2671 714 2744 graecos,
727 2652 774 2731 II,
796 2646 879 2719 113.
916 2644 1041 2719 Exslat
1059 2674 1218 2745 quoque

126 2742 388 2847 Phyfiosogos,
416 2749 537 2840 quide
553 2751 658 2817 nisius
683 2752 852 2841 cuiusque
868 2753 1012 2847 generis
1033 2754 1217 2821 Ferarum

76 2856 82 2869 “
126 2876 173 2921 oc
191 2852 234 2918 V
231 2850 397 2920 oluerunt
420 2863 558 2919 notura
577 2840 822 2946 loqaatase'st.
879 2852 1060 2923 Tributus
1087 2848 1137 2923 est
1154 2852 1219 2923 Li·

125 2951 247 3023 bellus
262 2950 324 3021 hic
340 2955 581 3021 Eerrnarrro
605 2967 716 3043 atque
732 2951 771 3019 in
790 2951 869 3024 eius
889 2956 1014 3047 Opera
1033 2959 1148 3023 Tom.
1168 2958 1214 3023 tt.

126 3053 345 3136 translatus,
376 3050 444 3120 ubi
464 3053 594 3122 locum
612 3052 724 3120 habet
747 3077 832 3123 cum
858 3054 959 3125 notis
984 3074 1020 3125 ct
1044 3051 1217 3125 versione

94 3246 97 3251 Ι
127 3146 275 3251 ΟοηῙαΙί
290 3156 413 3223 Poucc
430 3153 475 3222 de
491 3157 611 3235 Leon,
638 3146 864 3246 llispalenfis
872 3182 889 3232 ;
928 3154 988 3225 sed
1006 3179 1086 3225 non
1106 3154 1218 3227 omni

127 3272 225 3333 caret
244 3254 497 3339 dubitatione,
530 3259 561 3323 E
590 3254 785 3347 iphanium
809 3256 928 3326 libelli
952 3251 1054 3327 istius
1081 3276 1217 3328 aucto·

123 3380 205 3427 rem
230 3353 360 3444 esse.*)
409 3360 456 3425 In
482 3279 670 3449 Episoaa
708 3380 802 3448 quae
825 3360 1045 3431 Bannaaau
1071 3382 1218 3428 nomen

123 3481 213 3551 prae
239 3456 274 3526 se
298 3456 428 3539 habet,
456 3460 488 3545 ᾗ.
512 3461 557 3525 Χ;
577 3456 759 3548 quaedam
783 3457 827 3527 de
843 3475 976 3527 natura
993 3458 1220 3529 animalium

122 3574 400 3640 memorantem
416 3556 583 3653 vulgaria
600 3575 726 3626 autom
742 3558 807 3629 illa
823 3558 927 3641 sunt,
947 3583 1016 3629 nec
1031 3584 1220 3657 maguum

124 3656 265 3751 hahent
286 3676 537 3729 momentum.
591 3663 783 3753 Legantur
801 3659 845 3730 de
863 3666 1016 3729 Patrum
1031 3654 1220 3733 Ecclesiae

124 3756 296 3853 physica}
329 3764 517 3841 Bacrus,
543 3751 706 3857 Driseuse
726 3752 1149 3859 ‹tess1’‹³resaccas‹·'2
1174 3762 1221 3833 ae

52 3882 55 3889 ·
124 3860 353 3931 Platonisnec
369 3858 543 3945 1x‚49.;
581 3864 1050 3947 Ianauclluoonus,
1076 3864 1119 3933 in
1138 3856 1219 3963 Iso·

159 4077 755 4150 ’21'fflrrrrellihl.gr.lsll‚427·
