2542 4724
89 276 167 355 tra
421 216 572 349 cr».
609 278 671 347 vr.
724 267 845 365 tro.

90 466 175 537 cola
209 458 543 535 animadverfionea
575 457 783 555 scripserat,
829 460 958 533 omnia
991 454 1056 529 isra
1088 458 1183 533 iuria

2 598 4 605 ·
90 564 234 661 publici
258 562 348 635 fecit
365 568 523 635 Frnon.
542 567 795 633 Unaennrus
817 562 948 633 eBibl.
966 560 1182 646 Barberina,

90 658 391 839 Irissrmigss‘igssffl
415 662 628 759 iterumque
649 662 714 732 illa
732 662 866 735 litteris
886 662 1066 757 descripta
1082 660 1185 747 sunt.

43 982 47 987 ,
192 904 466 982 Amanosws,
494 898 613 993 Epist.
637 895 944 981 Mediolanenfia,
981 898 1088 971 cuius
1120 924 1186 971 ex·

17 1054 20 1061 -
90 999 359 1099 fiantHymni.
411 998 513 1070 Varii
535 1000 620 1068 sunt
637 996 711 1082 isti,
739 1000 804 1093 qui
821 999 887 1069 sub
903 1000 1062 1071 nomine
1077 1001 1185 1073 illius

90 1104 133 1177 in
151 1106 274 1175 lucem
290 1102 487 1183 exierunt3-
508 1102 553 1171 de
569 1101 614 1173 iis
634 1118 772 1184 autem,
790 1101 856 1195 qui
866 1100 914 1171 ad
922 1097 1182 1185 Ambrosium,

91 1223 286 1297 tamquam
310 1205 534 1284 Auctorem,
559 1201 783 1296 pertinent,
824 1200 1036 1297 discrepant
1060 1204 1185 1299 Serip-

91 1323 223 1381 torum
246 1302 448 1375 iententiae
472 1326 649 1397 nuncque
672 1304 816 1397 plures,
858 1324 961 1375 nunc
984 1303 1185 1398 pauciores

79 1408 348 1479 'numerantur
401 1405 773 1475 Commemoratione
795 1405 967 1499 inprimis
987 1404 1094 1502 digni
1118 1406 1184 1477 ha·

90 1506 228 1583 bentur
243 1504 391 1599 Hymni
403 1508 472 1575 VII
489 1502 534 1574 de
553 1506 672 1599 Opere
692 1506 908 1576 Creationis.

191 1648 503 1721 tanumeros„
520 1637 626 1710 cuius
649 1638 736 1709 libri
760 1638 900 1735 semper
916 1641 955 1711 in
973 1640 1184 1713 honoreac

89 1742 202 1816 laude
226 1742 382 1814 fuerunt
417 1738 526 1830 seque
551 1740 728 1811 varietate
761 1742 936 1812 carminis
969 1761 1082 1837 atque
1107 1744 1182 1813 ele·

117 1846 217 1916 antia
243 1841 569 1915 commendarunt.
620 1841 755 1936 Quales
776 1842 833 1911 illi
859 1840 949 1927 fint,
977 1842 1064 1915 satis
1091 1868 1185 1915 con·

90 1868 170 2017 iat.
215 1944 441 2017 Editionum
459 1966 501 2015 ac
518 1942 888 2041 Commentariorum
904 1968 1084 2017 numerus
1101 1970 1183 2017 non

89 2066 230 2143 parvus
253 2042 313 2118 est.

189 2170 430 2255 Paucorum
446 2180 635 2263 Nolanos,
663 2178 804 2275 Episc,
833 2176 940 2252 cuius
955 2206 1101 2254 nomen
1119 2208 1183 2255 va·

90 2282 144 2355 ria
158 2288 336 2355 Poemata
353 2304 441 2375 prae
457 2279 491 2351 se
506 2278 662 2365 habent,
690 2306 785 2375 quae
801 2300 928 2352 autem
951 2285 985 2355 ei
1001 2281 1100 2355 falso
1118 2284 1182 2355 tri·

89 2384 282 2468 buuntur,
317 2382 495 2453 utisunt:
532 2384 690 2453 Carmen
714 2375 990 2475 eucharisticum
1013 2384 1058 2454 de
1085 2388 1181 2457 Vita

80 2479 175 2586 suo,
210 2485 314 2581 quod
330 2483 480 2554 alterius
496 2482 657 2553 Paulli'ni
677 2481 761 2567 effe,
792 2481 1041 2555 monstratum
1059 2483 1108 2558 est
1125 2512 1180 2557 ar·

89 2585 280 2685 gumentia
297 2609 378 2655 non
395 2584 700 2667 contemnendis;
719 2609 761 2655 ac
778 2587 822 2655 de
844 2589 937 2655 Vita
954 2588 992 2657 S.
1014 2587 1181 2657 Martini

88 2687 198 2759 Libb.
216 2692 267 2758 VI
291 2684 463 2755 Carmine
486 2683 660 2768 heroico,
708 2683 832 2779 scripti
863 2687 909 2755 ad
935 2692 1177 2782 Perpetuum,

89 2784 351 2860 Turonensem
370 2780 602 2867 Antistitem,
632 2810 728 2879 quos
747 2810 766 2856 a
784 2788 956 2857 Paullino
971 2790 1179 2861 Petricorio

89 2886 320 2984 compositos
343 2885 431 2969 effe,
470 2910 573 2959 nuno
589 2887 666 2956 Viri
690 2886 827 2957 eruditi
851 2885 1029 2959 statuunt.
1083 2894 1181 2963 Sunt

88 3005 215 3061 tamen
232 2989 302 3060 alia
327 2988 558 3073 carminaad
588 3012 659 3060 nos
687 2988 824 3073 delata,
853 3012 1016 3084 quorum
1039 2992 1177 3063 Paulli·

48 3184 59 3209 Χ
87 3112 161 3162 nus
177 3091 348 3162 Nolanus
364 3094 509 3161 Auctor
525 3084 584 3160 est.

188 3248 294 3315 Dan
307 3270 326 3314 o
339 3269 362 3315 o
374 3268 401 3314 n
414 3267 465 3313 τι
479 3265 533 3312 us
550 3294 559 3324 ‚
596 3258 705 3339 gente
723 3241 908 3337 Hispanus
934 3242 976 3314 o'c
994 3243 1179 3341 dignitate

87 3344 305 3436 Presbyter,
343 3346 398 3415 uti
419 3342 623 3437 Scriptores
644 3343 806 3412 tradunt.
871 3350 960 3414 Duo
986 3350 1179 3441 Opuscula

87 3446 249 3542 reliquit.
302 3448 471 3517 Alterum
489 3439 537 3514 est
555 3448 709 3514 Carmen
734 3445 929 3517 heroicum
956 3447 997 3516 in
1022 3452 1179 3517 flexae-

88 3570 234 3631 meron,
262 3549 419 3619 alterum
434 3547 567 3641 Elegio
580 3545 630 3614 od
644 3538 991 3642 Tlreodostomlmp.
1018 3554 1176 3621 Utrum·

5 3722 11 3729 ,
88 3672 161 3745 que
179 3648 321 3743 prodiit
337 3672 422 3722 cura
439 3652 519 3718 Iac.
540 3651 781 3729 ammom,
809 3653 886 3718 Par.
909 3648 1015 3720 1019.
1043 3652 1081 3721 ὅ.

191 3805 368 3873 Caenos
386 3804 615 3882 Senonrua,
651 3798 775 3868 Presb.
793 3803 946 3881 scotus,
983 3798 1090 3871 cuius
1113 3826 1178 3872 va·

87 3900 141 3981 ria
165 3906 340 3973 Poemata
358 3898 571 3971 conservata
592 3917 628 3969 et
645 3900 691 3969 ad
708 3923 781 3970 nos
801 3900 918 3971 delata
938 3899 1043 3982 sunt,
1080 3904 1176 3971 Cor·

87 4024 183 4085 tneo,
210 4003 392 4073 nimirum
409 3992 585 4098 Posclmle
602 3999 624 4068 s.
642 4000 686 4069 de
702 3991 832 4087 Chrfit
848 4001 1072 4079 Mirocolr'u
1097 4006 1176 4073 Ve-

88 4106 174 4177 teris
190 4118 227 4175 et
242 4106 343 4175 Novi
364 4104 416 4173 Te
430 4104 586 4173 tatereoti
605 4101 784 4185 Collatio,
821 4103 984 4175 carmine
1005 4104 1175 4201 elegaioo
