2542 4724
399 295 435 377 ,C
459 315 485 365 a
512 313 549 367 Ρ.
585 293 673 363 IV..
700 289 735 377 i.
762 284 825 361 42.
1088 288 1161 365 261

59 501 118 550 res
134 477 199 563 hi,
228 499 395 573 quorum
409 475 567 548 nomina
584 477 824 550 mentiuntur
836 472 1072 573 impbstores,
1099 504 1162 550 ex·

60 580 216 663 tabant,
243 579 419 651 nondum
438 595 543 649 erant
560 579 752 677 cognitae,
781 597 898 687 utque
915 604 981 651 eos
999 581 1161 678 allegent

60 699 259 766 auctores,
292 679 358 775 qui
372 675 456 774 post
473 677 583 764 illos,
611 705 709 778 quos
735 682 935 783 loquentes
955 681 1157 768 inducunt,

58 782 243 856 vixerunt
262 799 373 876 atque
390 778 613 875 scripserunt
629 799 697 853 etc.

160 886 369 980 Dogmata
387 879 459 953 live
478 902 532 952 res
548 883 592 952 in·
608 907 720 977 opere
738 899 937 956 contentae
952 881 1056 957 illius
1073 881 1157 978 sup·

56 980 292 1080 positionem
321 982 571 1080 redarguunt:
624 985 677 1072 1.)
705 984 743 1055 si
771 1009 812 1063 ea
837 985 890 1056 ibi
919 985 1158 1080 reperiuntur
1202 1054 1205 1061 ,

58 1086 263 1186 dogmata,
299 1109 395 1180 quae
410 1086 535 1154 multo
557 1081 638 1180 post
659 1087 855 1173 Auctoris,
889 1086 1154 1158 cuiusnomen

57 1185 151 1273 sert,
209 1204 380 1282 tempora
423 1184 511 1256 sunt
549 1185 728 1257 ventilata
768 1205 835 1261 aut
871 1189 967 1258 clare
1007 1189 1153 1258 tradita.

55 1288 109 1375 sl.)
138 1290 182 1361 Si
215 1286 405 1359 eiusmodi
438 1286 485 1357 ad
519 1286 760 1382 exprimenda
798 1289 976 1385 dogmata
1003 1289 1156 1360 termini

56 1389 307 1474 adhibentur,
346 1389 411 1483 qui
434 1383 517 1482 post
544 1407 707 1459 mortem
735 1391 813 1485 eius
840 1391 993 1460 demum
1018 1389 1059 1459 in
1087 1390 1155 1460 usu

55 1488 145 1563 ferri
164 1507 385 1587 coeperunt.
439 1487 493 1569 3.)
519 1489 556 1562 Si
573 1515 716 1560 errores
733 1491 1024 1589 impugnantur,
1053 1487 1154 1586 quasi

56 1610 291 1687 cotempore
307 1591 384 1660 iam
402 1590 604 1674 extiterint,
632 1616 718 1667 cum
738 1610 860 1662 tamen
879 1588 962 1687 post
979 1616 1063 1661 eum
1083 1590 1154 1661 srut
1221 1678 1226 1694 ¹

58 1694 142 1765 orti.
198 1693 255 1783 4.)
279 1692 316 1763 Si
333 1692 528 1774 terminos,
555 1691 642 1763 usus
660 1710 697 1763 et
714 1692 1002 1764 consuetudines
1021 1692 1153 1763 descri-

56 1794 131 1883 bit,
173 1818 273 1891 quae
297 1792 472 1863 nondum
497 1792 566 1865 illo
595 1810 765 1895 tempore
788 1794 976 1891 vigebant.
1031 1790 1084 1884 5.)
1114 1793 1152 1864 Si

58 1896 240 1997 dogmata
257 1893 386 1964 insunt
402 1893 477 1969 illis
495 1895 692 1978 contraria,
711 1894 859 1993 quaein
879 1897 960 1966 aliis
974 1890 1053 1966 Viri
1064 1919 1152 1990 ope-

57 1998 160 2070 ribus
176 1995 430 2092 reperiuntur,
455 2019 550 2090 quae
566 1996 744 2069 Auctoris
762 2021 872 2068 verus
890 2016 1001 2091 atque
1021 1996 1152 2095 genui·

57 2123 127 2173 nus
146 2098 292 2195 absque
312 2094 562 2168 controversia
583 2094 711 2168 foetus
728 2098 825 2169 sunt.
878 2096 931 2188 6.)
958 2097 995 2168 si
1012 2099 1057 2168 de
1073 2121 1152 2168 ma·

57 2200 160 2273 teriia
184 2215 387 2283 tractatur,
423 2223 518 2292 quae
544 2214 636 2267 tunc
660 2198 862 2293 temporis,
905 2223 983 2294 quo
1005 2201 1169 2269 Auctor*

57 2302 155 2377 inter
189 2300 371 2372 mortales
405 2297 500 2384 fuit,
547 2299 721 2369 nondum
755 2299 904 2369 tractari
939 2298 1154 2393 coeperant.¹

57 2401 108 2494 7.)
135 2402 177 2477 Si
192 2396 366 2473 historias
384 2400 577 2485 continet,
606 2424 765 2495 quarum
782 2399 886 2473 fictio
906 2397 1077 2470 fabulosa
1092 2401 1153 2471 vel

58 2505 236 2577 manibus
252 2502 396 2599 palpari
411 2498 543 2596 potest.

156 2605 336 2697 Denique
350 2593 460 2705 stilus
487 2603 534 2671 ad
564 2597 676 2675 instar
695 2602 831 2699 lapidis
855 2599 954 2695 lydii
974 2596 1045 2686 est,
1088 2600 1154 2696 qui

55 2706 258 2779 venitatem
279 2721 344 2774 aut
367 2702 565 2774 salsitatem
591 2729 750 2798 operum
778 2705 935 2802 detegit,
973 2703 1154 2799 quia'im·
1195 2721 1196 2724 ’

55 2804 230 2905 possibile
245 2802 307 2890 est,
331 2806 506 2877 Auctoris
521 2802 646 2876 stilum
663 2806 755 2877 adeo
774 2805 937 2900 perfecte
955 2822 1154 2898 curateque

57 2910 225 3005 aliquem
240 2906 382 2977 imitari
398 2905 519 3001 polle,
556 2924 698 2975 utnon
722 2932 859 3004 magua
884 2907 1027 3002 semper
1051 2901 1153 2975 diffe-

57 3010 183 3085 tentia
196 3007 417 3081 intercedat.
469 3013 538 3077 Per
561 3003 688 3081 stilum
710 3032 791 3078 non
808 3008 919 3078 verba
935 3025 1085 3078 tantum
1102 3006 1154 3076 at‘·

56 3134 136 3207 qne
161 3110 316 3183 termini
343 3110 430 3178 sunt
456 3108 693 3208 intelligendi
723 3109 835 3196 (llaec
865 3106 1041 3203 perfacile
1068 3107 1154 3200 quis

57 3212 203 3293 imitari
219 3210 386 3311 poterit)
404 3209 467 3280 sed
487 3209 703 3280 universum
720 3210 867 3280 dicendi
883 3233 1015 3306 genua,
1042 3208 1154 3302 scrip·

55 3314 180 3390 tionis
198 3311 370 3396 indoles,
399 3310 586 3391 elocutio,
612 3310 773 3408 figurae,
800 3310 1024 3381 methodus:
1059 3333 1155 3404 quae
1215 3314 1218 3319 ’

58 3414 193 3491 omnia
209 3414 397 3487 imitando
415 3410 518 3481 haud
535 3409 644 3482 facile
660 3411 712 3481 ita
731 3411 814 3507 quis
826 3410 1044 3506 expresserit,
1062 3410 1155 3504 quin

56 3518 94 3593 se
114 3517 337 3613 frequenter
362 3512 581 3608 imprudens
606 3514 753 3604 prodat.
805 3518 901 3583 Sunt
925 3511 1157 3582 nominatim
1237 3596 1240 3602 <

60 3620 154 3693 certi
178 3618 385 3698 huctores,
431 3639 594 3708 quorum
620 3611 725 3687 stilus
750 3612 857 3684 facile
880 3611 1157 3694 internoscitur,

60 3722 206 3819 quique
224 3712 273 3790 est
290 3716 539 3786 inimitabilis.
590 3720 682 3787 Nou
705 3732 830 3784 tamen
845 3717 987 3810 semper
1002 3710 1158 3809 propter

61 3823 243 3920 exiguam
268 3814 342 3891 stili
360 3813 607 3894 differentiam
631 3815 706 3886 fine
728 3815 802 3885 alio
820 3816 963 3885 indicio
981 3820 1080 3909 opus
1090 3812 1159 3883 ali«

61 3924 171 4021 quod
194 3918 442 3993 reiiciendum
467 3913 535 4000 est,
571 3917 657 4011 quia
674 3920 857 3988 Auctores
883 3915 1022 3988 diverse
1043 3916 1175 4008 saepe,¹

61 4021 215 4097 diversis
234 4020 472 4115 temporibus
492 4018 657 4088 scribunt
665 4045 676 4101 ;
703 4040 824 4113 neque
842 4019 954 4089 etiam
973 4016 1022 4088 ob
1041 4016 1160 4084 solam

64 4123 142 4201 stili
160 4125 496 4205 convenientiam,
535 4119 649 4190 sialia
667 4116 933 4215 suppositionis
957 4117 1091 4188 adsunt
1106 4114 1162 4183 in·

993 2512 1008 2533 f
