2542 4724
92 247 207 329 '620
454 253 698 328 cunin.
749 250 901 342 §.10ss

39 520 49 541 Ι
122 436 217 519 bont
231 432 333 534 [ique
347 450 385 511 et
406 434 611 533 Scriptores
626 430 696 521 isti,
713 434 834 511 veluti
850 434 891 508 in
907 432 1082 525 tranfitn,
1101 439 1227 538 capita

126 537 314 635 quaedam
344 536 435 611 fidei
462 554 691 624 memorant,
723 539 872 609 nullam
902 555 1031 611 tamen
1058 539 1152 613 fidei
1173 569 1228 615 το-

20 638 22 643 ’
125 641 278 739 gulam,
309 664 424 737 quam
447 635 645 711 Christiani
670 657 842 734 tempore
865 634 935 711 isto
964 641 1116 737 sequuti
1143 640 1229 732 tint,

125 738 318 815 exhibent.
369 740 475 812 Idem
498 740 700 813 dicendum
725 736 775 812 est
800 737 847 812 de
869 738 928 825 iis,
953 766 1050 839 quae
1068 768 1115 817 ex
1131 747 1229 819 Oru-

127 862 234 916 cntu
258 848 327 939 περὶ
350 843 464 935 ἀρχῶν
487 840 661 941 Praefat.
693 840 944 926 recensentur,
976 843 1131 938 quando
1165 846 1229 921 illc

126 943 251 1039 capita
283 942 468 1041 quaedam
501 942 715 1029 doctrinae,
764 941 811 1013 eb
836 939 1031 1039 Apostolis
1059 946 1229 1025 ‚traditae

123 1060 241 1140 utque
265 1045 314 1117 ad
333 1041 535 1119 Ecclefiam
557 1037 661 1117 illius
685 1043 815 1117 aetatis
839 1064 1093 1144 propagatae,
1120 1072 1228 1145 enan-

33 1172 36 1177 ·
121 1162 205 1231 ταῖς
230 1147 393 1247 Dialog,
425 1161 553 1219 autem
584 1160 719 1219 contra
747 1148 967 1218 Marcionit.
991 1148 1023 1219 1.
1054 1148 1151 1221 haec
1174 1150 1227 1223 lc-

42 1272 52 1317 ·,
122 1265 292 1345 guntur:
319 1244 460 1336 Credo,
492 1275 609 1319 unum
640 1248 807 1320 omniurn
834 1247 1066 1320 conditorem
1090 1242 1167 1350 effe
1191 1264 1228 1323 et

122 1370 146 1419 o
175 1343 321 1447 ficem
347 1365 384 1422 et
408 1354 472 1445 qui
494 1347 543 1421 ab
567 1350 631 1422 illc
657 1341 718 1442 est,
743 1348 871 1445 Deum
889 1348 1059 1421 Verbum
1075 1344 1227 1450 consub-

137 1452 337 1523 tantialem
352 1455 531 1546 iuxtaque
551 1448 750 1546 perennem'
767 1474 922 1544 cumque
940 1454 1119 1524 extremis
1134 1467 1226 1525 tcm-

121 1548 275 1647 poribus
299 1551 557 1624 hominemex
571 1555 704 1623 Maria
729 1544 941 1654 affirmfiffe,
963 1567 1001 1624 et
1024 1556 1063 1623 in
1078 1579 1225 1625 crucem

70 1662 75 1679 ’
120 1666 253 1747 actum
275 1667 313 1725 et
328 1655 535 1725 excitatum
558 1679 583 1724 α
600 1656 779 1725 mortuis:
804 1655 914 1725 credo
936 1656 1052 1725 etiam
1066 1657 1225 1751 Spiritui

120 1756 177 1847 55„
195 1757 258 1848 qui
277 1758 314 1825 in
331 1744 481 1828 omnem
497 1758 758 1826 aeternitatem
767 1744 911 1851 eaefistit.
964 1755 1038 1827 Sed
1045 1781 1119 1828 nec
1134 1754 1226 1829 hacc

119 1852 301 1951 probare,
345 1852 452 1950 quod
483 1855 645 1953 probare
676 1854 848 1940 debeant,
875 1854 1015 1928 eruditi
1038 1857 1123 1930 Viri
1148 1858 1225 1931 iam

121 1955 483 2051 animadverterunt.
536 1962 597 2030 Ex
629 1982 707 2053 quo
736 1956 899 2028 adducta
928 1956 1044 2030 verba
1067 1958 1224 2032 sumun-

118 2072 199 2143 tur,
223 2058 417 2157 Dialogus
440 2071 574 2131 contra
594 2060 845 2131 Marcionitas
869 2057 997 2133 minus
1019 2078 1123 2135 recte
1143 2060 1224 2134 Ori·

120 2157 221 2257 geni,
241 2175 438 2255 tamquam
456 2159 604 2231 auctori
622 2160 704 2246 suo,
725 2160 917 2232 tribuitur.

220 2257 365 2333 Maiori
399 2259 481 2332 iure
513 2257 588 2332 huc
612 2259 743 2333 referri
765 2260 868 2358 poffe
894 2260 1097 2351 videntur,
1127 2286 1222 2361 quac

119 2360 224 2457 apud
248 2368 477 2433 Innnunuru
497 2361 598 2433 Libr.
616 2367 650 2433 I.
670 2365 762 2458 Cap.
785 2364 844 2435 10.
865 2358 1039 2464 adversus
1059 2358 1221 2467 haereses

116 2486 156 2559 p.
180 2460 243 2536 48.
269 2462 358 2534 edit.
384 2467 608 2535 Missum
640 2464 776 2559 scripta
804 2462 909 2550 sunt,
941 2463 1148 2539 Ecclefiam
1174 2467 1218 2539 ab

116 2560 311 2660 Apostolis
337 2587 546 2660 eorumque
573 2563 763 2661 discipulis
789 2564 982 2662 accepiffe:
1007 2567 1069 2659 την
1094 2573 1138 2655 εἰς
1169 2565 1220 2639 ἕνα

117 2670 216 2753 Θεὸν,
250 2667 372 2758 πατέρα
402 2666 663 2759 παντοκράτορα,
695 2671 751 2738 τὸν
774 2671 970 2758 πεποιηκότα
995 2669 1054 2741 τὸν
1080 2666 1219 2765 οῦρακίν,

118 2767 174 2838 καί
205 2768 266 2865 την
296 2773 373 2859 γῆν,
405 2768 458 2836 καί
488 2771 546 2845 τάς
570 2767 731 2849 θαλάσσας
764 2770 816 2839 καί
842 2770 946 2842 πάντα
968 2773 1013 2843 τά
1038 2771 1070 2841 ἕν
1096 2768 1216 2859 «irak,

116 2881 232 2943 πίστιν·
255 2876 309 2938 καί
332 2874 373 2953 είς
402 2865 454 2939 ἕνα
478 2874 609 2963 Χριστὸν
633 2872 760 2963 Ἰησοῦν,
786 2874 841 2943 τὸν
864 2873 929 2944 viic
953 2878 1015 2945 τοῦ
1041 2880 1141 2962 Θεοῦ,
1166 2878 1216 2949 tit

117 2973 321 3065 σαρκωθίντα
355 2964 431 3065 ὑπὲρ
465 2978 521 3065 τῆς
546 2970 703 3065 1ίηιιετὲρας
727 2984 898 3067 σωτηρίας·
932 2977 984 3045 καί
1011 2978 1055 3062 είς
1086 2982 1214 3071 Πνεῦμα

116 3071 225 3165 ἅγιον,
264 3076 303 3145 τὸ
336 3074 388 3143 διά
419 3076 487 3145 τῶν
517 3078 694 3167 προφητῶν
726 3077 920 3168 κεκηρυχός,
952 3077 1016 3152 τάς
1041 3081 1210 3173 οἰκονομίας

115 3175 171 3245 καί
201 3175 258 3263 τάς
295 3172 430 3261 ἐλεύσεις
468 3177 521 3247 καί
554 3176 614 3270 την
647 3177 684 3246 ἔκ
715 3180 877 3271 παρθένου
909 3179 1063 3271 γέννησιν,
1099 3182 1153 3251 καί
1177 3184 1212 3252 τά

113 3277 219 3365 πάθος
248 3282 302 3349 καί
325 3278 386 3367 τίην
409 3278 523 3376 ἔγερσιν
546 3276 582 3347 ἐκ
606 3282 731 3373 νεκρῶν,
758 3278 811 3349 καί
836 3282 896 3374 την
919 3280 1064 3374 ἴνσαρκον
1077 3287 1122 3369 είς
1141 3280 1207 3369 τοὺς

113 3374 273 3475 οῦρανοίις
298 3379 454 3473 ἀνάληψιν
477 3382 538 3454 τοῦ
565 3377 765 3475 ίηγαπημένου
787 3388 922 3476 Χριστοῦ
946 3386 1050 3473 Ἰησοῦ
1074 3388 1138 3457 τοῦ
1161 3410 1210 3455 κο·

112 3484 185 3589 ρίου
219 3483 326 3578 ἡμῶν,
360 3484 415 3554 καί
440 3484 501 3576 τίην
532 3483 569 3551 ἐκ
592 3488 659 3555 τιῦν
683 3479 823 3579 οῦρανιῦν
846 3487 877 3556 ἐν
898 3515 938 3577 τη
965 3478 1045 3581 δάξη
1068 3488 1132 3559 τοῦ
1155 3516 1208 3559 πα·

111 3588 187 3682 τρίς
210 3588 379 3681 παρουσίαν
403 3583 507 3660 αιἰτοῦ
534 3584 584 3656 ἐπί
608 3588 648 3660 τὸ
672 3587 1018 3675 άνακιφαλαιάισασθοι
1043 3592 1089 3663 τά
1112 3588 1207 3663 πάντα

110 3686 167 3761 καί
195 3691 370 3778 άναστῆσαν
394 3695 499 3761 πᾶσαν
523 3688 623 3785 σάρκα
647 3689 744 3783 πάσης
773 3693 1037 3785 άνθρωπάτητος,
1063 3694 1117 3763 ἵνα
1144 3696 1206 3785 Χρι·

110 3797 180 3879 στςῦ
203 3794 304 3884 Ἰησοῦ
336 3796 387 3880 τῷ
416 3795 513 3886 κυρίῳ
545 3789 634 3883 ημῶν
664 3797 717 3863 καί
751 3798 820 3881 θεῷ
850 3792 904 3863 καί
930 3799 1048 3885 σωτῆρι
1073 3794 1129 3865 καί
1148 3798 1203 3878 βο·

109 3891 196 3963 coici
229 3890 315 3964 κατά
344 3892 404 3984 την
436 3891 580 3966 εὐδοκίαν
608 3897 666 3967 τοῦ
700 3897 828 3989 Harpis
863 3898 924 3969 τοῦ
956 3897 1119 3991 άοράτου,
1149 3899 1204 3968 τάν

111 3996 188 4087 γόνυ
224 3994 342 4089 κάμψη
375 3995 578 4090 ἐπουρανίων,
621 3997 675 4067 καί
708 3998 849 4088 ἐπιγείων
882 4002 936 4065 καί
969 4005 1202 4093 καταχθονίων,

110 4096 165 4168 καί
191 4102 278 4171 πᾶσα
308 4097 440 4191 γλάσσα
473 4091 749 4194 ἐξομολογήσηται
771 4094 863 4195 αάτγί
887 4099 941 4172 καί
966 4110 1068 4197 κρίσιν
1094 4104 1203 4177 tute
