2542 4724
80 196 92 229 l

85 278 164 358 588
372 285 452 356 Ca
477 304 515 356 e.
546 282 595 355 X.
638 264 682 370 ¹'§.
708 278 793 417 llll·
817 276 903 356 too.

44 484 46 489 ’
78 470 236 545 'ntorum
254 465 366 542 libros
379 467 569 563 cypriano
588 465 781 551 tribuunt,
804 464 1081 562 Hieronymus,
1106 466 1180 543 Aa·

83 566 278 668 guitinus,
306 568 521 641 Gennadius
539 586 651 664 atque
666 569 741 639 alii.
758 564 810 659 *)'
1162 574 1166 583 '

190 672 429 744 Auous‘rrnr
461 672 663 740 Tractatus
687 669 773 740 adv.
805 668 992 748 ludaeosa
1025 685 1067 742 at
1090 692 1178 743 vero

90 770 220 842 Sermo
240 785 370 841 contra
386 771 557 854 ludaeos,
576 771 767 868 Pagnnos,
784 772 963 857 Arianos,
983 770 1051 866 qui
1068 770 1182 845 etiam

87 869 290 970 Augustini
309 895 449 942 nomen
472 869 652 965 praefert,
680 896 873 966 perperam
897 870 932 942 ei
947 871 1177 943 attribuitur.

86 973 194 1047 Idem
217 972 418 1044 dicendum
439 968 488 1043 est
504 972 550 1042 de
570 976 752 1042 Tractatu
771 986 902 1042 contra
918 976 1079 1067 quinque
1094 967 1178 1043 hae·

87 1067 180 1171 reses
205 1066 233 1170 s.
258 1087 389 1144 contra
424 1075 582 1167 quinque
620 1063 776 1167 hostium
807 1096 968 1167 genero,
1006 1078 1179 1171 Paganos

85 1174 271 1259 videlicet,
297 1173 469 1258 Iudaeos,
495 1174 750 1258 Manichaeos,
775 1172 1006 1245 sabellianos
1022 1191 1062 1244 ot
1077 1175 1179 1248 Aria·

86 1299 218 1348 nosse
237 1275 283 1347 de
296 1276 484 1375 Dialogo,
516 1275 724 1346 Altercatio
744 1263 926 1368 Ecclefiae
948 1288 986 1344 et
1000 1277 1179 1375 Synogo·

87 1399 166 1477 goe
182 1376 373 1471 inscripta.

190 1467 596 1577 I'smon1Hispalerfis
619 1474 729 1547 Libb.
747 1479 793 1546 11.
817 1488 948 1547 contra
973 1478 1176 1570 nequitiam

86 1577 331 1660 Iudaeorum,
359 1602 523 1672 quorum
549 1577 668 1672 priori
691 1575 736 1647 de
758 1576 973 1660 nativitate,
999 1573 1175 1673 pullione,

87 1679 368 1759 resurrectione¹
394 1703 511 1776 regno
527 1695 563 1749 et
576 1677 718 1749 iudicio
728 1677 888 1748 Domini
905 1677 1041 1778 agitur,
1059 1673 1176 1773 poste·

86 1780 181 1853 riori
198 1796 321 1849 autem
334 1778 777 1877 devocationegentium,
797 1783 1001 1876 Hagenoae
1013 1774 1173 1853 1529.AE

189 1884 372 1977 Magnam
403 1882 546 1953 molem
580 1878 852 1952 calumniarum
875 1879 1110 1952 iudaioarum
1135 1878 1175 1951 in

89 1976 316 2053 Christianos
340 1978 794 2089 congesfitAAEnprrran
811 1980 850 2050 in
874 1980 985 2066 libre,
1009 1980 1074 2052 cui
1090 1979 1176 2053 titu-

85 2082 169 2155 lant
185 2079 293 2153 fecit:
322 2080 709 2177 ObtrectotorApello
716 2075 751 2181 s
764 2080 1047 2152 Calurnniarum
1060 2080 1175 2153 iudai·

87 2206 165 2255 aar.
185 2186 221 2254 in
239 2173 420 2278 Christum
432 2184 667 2254 Salinatorem
684 2198 720 2253 et
735 2172 959 2279 Christianos
975 2175 1175 2281 exscriptis

62 2358 66 2362 ,
85 2283 244 2357 talmud.
261 2297 297 2355 et
313 2281 455 2357 rabbin.
472 2282 592 2381 petito
607 2277 778 2383 recensus.
831 2283 988 2356 Witteb.
1006 2280 1170 2357 16624.

547 2472 584 2561 s.
632 2469 716 2543 102.

189 2637 291 2712 Sunt
303 2633 420 2735 plura
436 2632 511 2707 alia
527 2632 682 2737 scripta,
710 2632 854 2735 quibus
872 2629 1174 2711 doctiffimiviri

83 2736 331 2815 Iudaeorum
363 2761 522 2810 errores
550 2733 821 2836 profligarunt
850 2762 894 2809 ae
921 2734 1172 2812 sanctillimae

84 2838 296 2937 religionis
323 2834 480 2910 nostrae
503 2838 715 2912 veritatem
742 2863 787 2910 ac
805 2835 985 2911 divinam
1002 2838 1173 2913 auctori·

82 2956 208 3026 tatem
235 2938 282 3009 ab
307 2935 472 3011 istorum
501 2937 707 3012 malitiosas
739 2938 947 3012 calumniis
981 2934 1172 3012 defende·

84 3054 192 3117 runt.
244 3040 429 3113 Attamen
451 3063 537 3112 non
561 3040 698 3112 omnia
721 3053 986 3113 monumenta
1007 3037 1109 3113 haec
1125 3035 1173 3113 ad

83 3138 200 3214 usum
222 3137 402 3213 nostrum
423 3137 551 3212 delata
568 3137 668 3213 lunt.
720 3141 808 3215 Alia
833 3140 879 3212 ab
901 3138 1072 3221 interitu
1088 3140 1171 3237 qui·

85 3240 178 3316 dem
193 3236 232 3314 le
250 3239 519 3328 vindicarunt,
545 3240 747 3341 publicam
763 3242 897 3314 lucem
915 3255 1052 3313 autem
1066 3236 1173 3314 haud

84 3340 370 3443 adspexerant,
395 3338 465 3413 sed
484 3356 779 3415 manutentum
796 3342 1008 3415 exaratain
1026 3340 1172 3415 Biblio-

82 3441 211 3518 thecis
230 3438 484 3516 allervantur.
538 3443 624 3516 Alia
641 3458 773 3517 autern
789 3456 942 3515 tantum
959 3436 1103 3531 abfuit,
1129 3454 1172 3515 ut

81 3558 367 3645 permanerent
388 3543 494 3617 inter
525 3543 620 3617 alias
653 3569 740 3633 res,
774 3568 873 3642 quae
900 3540 1094 3629 exiliunt,
1128 3556 1171 3615 ut

82 3645 244 3745 penitus
268 3644 490 3717 interirent.
544 3645 765 3741 Utriusque
790 3643 948 3744 generis
967 3641 1170 3739 'quaedam

81 3770 193 3822 nunc
204 3745 382 3842 exempla
397 3736 723 3821 memorabimus.
759 3749 936 3827 Interea,
958 3747 1169 3817 contralu-

83 3845 208 3919 daeos
235 3842 473 3942 composita,
501 3845 642 3945 scripta
667 3842 1018 3943 quaeluperstu1t‚
1047 3866 1168 3919 manu

81 3960 240 4021 exarata
254 3959 386 4017 autem
402 3960 556 4021 tantum
570 3949 614 4021 in
622 3946 880 4022 Bibliotlrecis
895 3945 1166 4047 reperiuntur,

83 4046 222 4121 locum
238 4043 406 4120 habent:

84 4183 293 4200 ffl-

118 4244 145 4299 ’)
163 4236 231 4293 vid.
251 4232 341 4293 Fruar
359 4233 457 4291 Notos
475 4235 517 4290 ad
535 4236 725 4311 Cyprianum
747 4255 777 4313 p.
796 4243 837 4298 17.
