2542 4724
127 208 202 346 tot
274 211 279 221 ⁴
342 203 346 213 ⁵
444 206 699 344 'ciem
750 263 875 357 §.tn

32 456 40 481 '
132 453 300 534 Amaldo
328 452 352 526 s.
383 450 556 524 Amoldo
582 447 798 550 Aibingenii
830 458 1106 536 narrat,ei1m
1129 456 1221 528 Hie·

16 542 32 575 '¹
131 558 303 651 ronymi,
351 549 568 651 Augustini,
619 551 772 637 Isidori,
821 554 999 646 Bemnrdi
1027 558 1220 654 opuscula

75 656 78 665 ’
134 654 359 734 adulteraffe.
409 660 512 725 Inter
528 652 598 724 elia
615 652 726 745 dicitt
758 654 923 766 puidam
944 659 1058 726 etiam
1076 660 1221 729 Hoere,

133 766 232 849 ticns·
247 759 393 829 nomine
407 755 597 827 Arnoidos
615 755 659 824 de
679 752 879 854 confinibus
899 756 1046 826 Galliae
1062 761 1165 829 venit
1182 762 1219 830 in

133 855 377 963 Hispaniam,
416 859 598 926 zizaniam
624 859 754 926 erroris
787 855 959 926 haeretici
982 850 1220 957 seminando

20 964 25 977 ‘
115 969 240 1035 ,Inter
255 958 373 1035 ce‘tero
390 959 589 1053 pravitatis
606 979 719 1050 opera
744 971 825 1028 erat
831 948 1018 1052 studium,
1054 959 1124 1030 83.
1145 959 1220 1030 Ρα-

61 1081 70 1104 *
137 1076 237 1135 trum
265 1049 480 1158 Augustini,
520 1060 761 1155 Hieronymi,
805 1059 935 1127 Itdori
971 1073 1007 1128 et
1037 1060 1221 1132 Bernardi

23 1216 42 1243 -,
90 1168 94 1179 ’
139 1161 326 1260 Opuseula
352 1163 497 1229 minora
523 1181 771 1252 corrumpere,
821 1157 1049 1232 obtraitendo
1073 1177 1221 1233 vernet

138 1261 341 1339 adiiciendo
356 1253 468 1358 falso.
519 1263 617 1328 Erat
632 1262 727 1328 enim
745 1262 912 1354 Scriptor
931 1252 1169 1358 veloeiffimus
1185 1277 1223 1337 et

139 1364 315 1458 corrupto
333 1365 556 1431 Sanctorum
575 1360 761 1455 Opnsculn
784 1358 986 1445 vendebat,
1020 1363 1080 1434 vel
1102 1362 1222 1434 dabat

65 1490 70 1509 ¹
140 1465 357 1547 Catholicis,
398 1474 440 1531 nt
463 1461 532 1530 toli
552 1457 712 1556 foliacia
737 1453 853 1563 poffet
884 1462 1048 1557 decipere
1073 1478 1110 1534 et
1136 1465 1221 1536 itta-

136 1564 273 1665 ooeore
297 1568 444 1635 incaute
469 1562 669 1659 tegentium
690 1576 848 1645 mentes,
878 1580 952 1633 etc.
978 1587 1072 1658 quae
1093 1582 1223 1639 tamen

30 1732 40 1752 ,
139 1669 266 1742 minus
284 1663 472 1737 credibilia
492 1662 588 1733 sunt.
640 1662 830 1733 Dicuntur
853 1662 916 1741 illa
942 1665 1112 1759 quidem,
1137 1691 1224 1739 non

111 1826 114 1833 .
141 1787 269 1841 autem
282 1765 491 1861 probantur
512 1780 548 1835 et
569 1781 612 1835 ut
628 1763 798 1851 videtur,
812 1778 818 1794 ⁴
831 1763 921 1836 odio
942 1788 1027 1864 erga
1043 1766 1223 1841 Welden·

139 1871 215 1955 ies,
242 1863 346 1953 testes
361 1864 546 1949 veritatis,
570 1864 756 1936 nituntur.

238 2006 492 2073 Hmnomm
511 2002 628 2093 Opera
653 1997 719 2093 qui
734 1998 877 2094 primns
895 2000 1029 2085 edidit,
1061 2006 1119 2075 Io.
1140 2003 1224 2073 An·

140 2106 269 2188 tireoe,
303 2100 422 2196 Episc.
447 2096 658 2183 Alerienfis,
699 2099 1126 2174 unanimantem
1155 2100 1226 2175 fibi

138 2203 286 2288 sumsit,
328 2201 507 2282 addendi,
534 2199 787 2286 ¹detrahendi,
823 2203 1014 2286 mutandi,
1052 2227 1123 2298 pro
1157 2202 1225 2276 sua

50 2320 53 2325 '
143 2304 320 2378 sententie
344 2327 385 2374 ae
408 2303 623 2384 voluntate,
656 2299 730 2372 fine
752 2301 919 2374 firmiore
938 2301 1075 2388 cantra,
1106 2296 1225 2375 hene·

139 2432 212 2504 que
229 2407 278 2479 ob
297 2429 374 2476 rem
392 2399 482 2474 iusta
499 2400 764 2473 animadverto
781 2404 819 2472 in
839 2429 925 2474 eum
941 2401 1037 2475 faeta
1049 2399 1109 2477 est.
1134 2405 1224 2479 Vid.

80 2578 84 2603 ,
141 2515 322 2585 s1non1s
344 2494 458 2599 Epist.
475 2497 610 2609 [eleitt.
635 2509 678 2574 T.
696 2508 725 2573 1.
750 2506 818 2598 Ep.
837 2504 896 2576 32.
912 2530 948 2600 p.
966 2505 1053 2577 220.

238 2646 412 2711 cmm
433 2636 542 2707 Alex.
571 2637 707 2709 Libros
733 2636 778 2707 ab
805 2639 1007 2711 Haereticis
1034 2638 1224 2713 adultera-

136 2763 199 2817 tos
221 2738 289 2811 elie
305 2733 465 2821 constat,
492 2759 625 2832 resque
641 2738 775 2808 nititur
793 2739 1013 2811 auctoritate
1028 2746 1224 2813 Leonm

135 2841 360 2942 Byzantini,
393 2839 618 2911 Amsmn
637 2842 821 2922 Sinnitoe,
855 2845 1095 2912 Ntcnruont
1119 2845 1224 2914 Cu.-

16 2964 19 2979 ·
139 2966 253 3016 nsm
285 2957 396 3034 atque
428 2939 609 3022 eliorum,
648 2939 714 3032 qui
737 2935 934 3024 testantur,
976 2943 1223 3026 Dioscorum,

94 3100 98 3107 .
139 3038 383 3118 Timotheum
399 3041 600 3123 Aelurum,
627 3040 842 3111 Severianus
859 3034 1143 3137 Acephnlosqu'e
1158 3042 1225 3115 de·

138 3141 369 3241 privationis
382 3141 560 3212 iniuriam
576 3140 704 3232 cyrilli
720 3141 861 3234 scriptis
875 3141 1045 3227 intuliffe,
1061 3143 1105 3221 id
1113 3142 1224 3240 quod

137 3252 296 3319 Benna.
315 3246 498 3312 Genmon
516 3241 541 3311 l.
560 3243 585 3310 l.
602 3267 638 3336 p.
654 3241 737 3313 327.
756 3242 905 3313 uberius
924 3242 1090 3316 edifferit.

107 3384 113 3394 '
236 3371 493 3450 Praetermiffis
511 3374 590 3445 aliis
607 3376 875 3460 monumentis,
895 3378 1045 3472 quaein
1062 3376 1223 3453 fraudu·

134 3483 329 3553 lentorum
346 3476 545 3548 hominum
569 3500 702 3549 manus
720 3476 932 3548 inciderunt
950 3495 1060 3573 atque
1079 3479 1221 3554 abillis

134 3578 320 3653 malitiose
354 3595 530 3672 corrupta
561 3575 664 3660 sunt,
711 3578 753 3648 id
777 3595 927 3649 tantum
955 3579 1221 3654 animadverti·

135 3706 241 3765 mus,
284 3678 427 3749 Indices
451 3675 624 3747 librorum
647 3676 913 3772 prohibitorum
941 3694 976 3749 et
1002 3705 1221 3781 expurgan-

135 3783 287 3864 dornm,
315 3780 380 3874 qui
396 3779 495 3874 apud
511 3778 731 3853 Pontificius
752 3780 940 3875 prodeunt
958 3798 1068 3877 atque
1085 3801 1220 3856 aucto·

132 3883 243 3954 ritate
257 3883 401 3964 valent,
430 3877 678 3963 occafionem,
711 3881 830 3952 immo
847 3879 1091 3954 neeeffitatem
1109 3908 1219 3980 pree·

132 3981 236 4067 bere,
269 3982 401 4078 scripte
424 3985 576 4051 Patrum
601 3980 842 4053 adulterandi.
903 3987 1016 4055 Recte
1042 3983 1219 4057 observat

129 4082 559 4159 hoccts1m.0on1nos
581 4081 783 4157 Commeat.
800 4083 845 4155 de
864 4082 1078 4181 Scriptorib.
1091 4080 1215 4181 eccles.
