<?xml version="1.0" encoding="UTF-8"?>
<!DOCTYPE html PUBLIC "-//W3C//DTD XHTML 1.0 Transitional//EN"
    "http://www.w3.org/TR/xhtml1/DTD/xhtml1-transitional.dtd">
<html xmlns="http://www.w3.org/1999/xhtml" xml:lang="en" lang="en">
 <head>
  <title>
</title>
<meta http-equiv="Content-Type" content="text/html;charset=utf-8" />
  <meta name='ocr-system' content='tesseract 3.04.00' />
  <meta name='ocr-capabilities' content='ocr_page ocr_carea ocr_par ocr_line ocrx_word'/>
</head>
<body>
  <div class='ocr_page' id='page_1' title='image "./iogeorgiiwalchi05walcgoog/iogeorgiiwalchi05walcgoog_0517.png"; bbox 0 0 2542 4724; ppageno 0'>
   <div class='ocr_carea' id='block_1_1' title="bbox 372 298 1159 391">
    <p class='ocr_par' dir='ltr' id='par_1_1' title="bbox 372 298 1159 391">
     <span class='ocr_line' id='line_1_1' title="bbox 372 298 1159 391; baseline 0.025 -20"><span class='ocrx_word' id='word_1_1' title='bbox 372 298 460 377; x_wconf 80' lang='lat' dir='ltr'>Ca</span> <span class='ocrx_word' id='word_1_2' title='bbox 488 320 525 373; x_wconf 79' lang='lat' dir='ltr'>r.</span> <span class='ocrx_word' id='word_1_3' title='bbox 560 304 628 375; x_wconf 84' lang='lat' dir='ltr'>lx.</span> <span class='ocrx_word' id='word_1_4' title='bbox 680 299 714 389; x_wconf 91' lang='lat'>§.</span> <span class='ocrx_word' id='word_1_5' title='bbox 744 300 808 377; x_wconf 84' lang='lat'>86.</span> <span class='ocrx_word' id='word_1_6' title='bbox 826 304 887 379; x_wconf 83' lang='lat'>87.</span> <span class='ocrx_word' id='word_1_7' title='bbox 978 300 982 307; x_wconf 73' lang='grc'><strong>’</strong></span> <span class='ocrx_word' id='word_1_8' title='bbox 1082 312 1159 391; x_wconf 78' lang='grc'>499</span> 
     </span>
    </p>
   </div>
   <div class='ocr_carea' id='block_1_2' title="bbox 39 478 1239 1595">
    <p class='ocr_par' dir='ltr' id='par_1_2' title="bbox 39 478 1239 1595">
     <span class='ocr_line' id='line_1_2' title="bbox 39 478 1158 595; baseline 0.005 -30"><span class='ocrx_word' id='word_1_9' title='bbox 39 484 249 595; x_wconf 79' lang='lat' dir='ltr'>pserunt,</span> <span class='ocrx_word' id='word_1_10' title='bbox 274 480 328 559; x_wconf 89' lang='lat' dir='ltr'>de</span> <span class='ocrx_word' id='word_1_11' title='bbox 350 480 442 585; x_wconf 80' lang='lat' dir='ltr'>ipsis</span> <span class='ocrx_word' id='word_1_12' title='bbox 467 496 604 557; x_wconf 89' lang='lat' dir='ltr'>tamen</span> <span class='ocrx_word' id='word_1_13' title='bbox 622 478 719 557; x_wconf 86' lang='lat' dir='ltr'>fidei</span> <span class='ocrx_word' id='word_1_14' title='bbox 734 484 893 561; x_wconf 85' lang='lat' dir='ltr'>nostrae</span> <span class='ocrx_word' id='word_1_15' title='bbox 909 492 1085 569; x_wconf 82' lang='lat' dir='ltr'>articulis</span> <span class='ocrx_word' id='word_1_16' title='bbox 1100 496 1158 573; x_wconf 83' lang='lat' dir='ltr'>ita</span> 
     </span>
     <span class='ocr_line' id='line_1_3' title="bbox 57 585 1156 697; baseline 0.003 -30"><span class='ocrx_word' id='word_1_17' title='bbox 57 600 378 697; x_wconf 86' lang='lat' dir='ltr'>praeceperunt,</span> <span class='ocrx_word' id='word_1_18' title='bbox 411 600 458 658; x_wconf 94' lang='lat' dir='ltr'>ut</span> <span class='ocrx_word' id='word_1_19' title='bbox 481 585 706 685; x_wconf 86' lang='lat' dir='ltr'>praeclara,</span> <span class='ocrx_word' id='word_1_20' title='bbox 743 590 919 663; x_wconf 82' lang='lat' dir='ltr'>maxime</span> <span class='ocrx_word' id='word_1_21' title='bbox 945 593 1156 693; x_wconf 88' lang='lat' dir='ltr'>perspicua</span> 
     </span>
     <span class='ocr_line' id='line_1_4' title="bbox 58 684 1156 787; baseline 0.003 -20"><span class='ocrx_word' id='word_1_22' title='bbox 58 688 288 769; x_wconf 84' lang='lat' dir='ltr'>testimonia</span> <span class='ocrx_word' id='word_1_23' title='bbox 311 686 490 760; x_wconf 73' lang='lat' dir='ltr'>veritatis</span> <span class='ocrx_word' id='word_1_24' title='bbox 521 684 720 775; x_wconf 85' lang='lat' dir='ltr'>dicerent,</span> <span class='ocrx_word' id='word_1_25' title='bbox 748 686 936 787; x_wconf 82' lang='lat' dir='ltr'>dogmata</span> <span class='ocrx_word' id='word_1_26' title='bbox 958 694 1156 772; x_wconf 82' lang='lat' dir='ltr'>Ecclesiae</span> 
     </span>
     <span class='ocr_line' id='line_1_5' title="bbox 59 782 1152 887; baseline 0.005 -19"><span class='ocrx_word' id='word_1_27' title='bbox 59 790 219 869; x_wconf 89' lang='lat' dir='ltr'>nostrae</span> <span class='ocrx_word' id='word_1_28' title='bbox 262 787 516 883; x_wconf 81' lang='lat' dir='ltr'>evangelicae</span> <span class='ocrx_word' id='word_1_29' title='bbox 563 782 871 880; x_wconf 85' lang='lat' dir='ltr'>confirmarent,</span> <span class='ocrx_word' id='word_1_30' title='bbox 912 796 1152 887; x_wconf 87' lang='lat' dir='ltr'>Socinianis,</span> 
     </span>
     <span class='ocr_line' id='line_1_6' title="bbox 59 885 1154 997; baseline 0 -27"><span class='ocrx_word' id='word_1_31' title='bbox 59 886 307 975; x_wconf 83' lang='lat' dir='ltr'>Pontificiis,</span> <span class='ocrx_word' id='word_1_32' title='bbox 342 885 588 961; x_wconf 85' lang='lat' dir='ltr'>Reformatis</span> <span class='ocrx_word' id='word_1_33' title='bbox 618 900 734 983; x_wconf 90' lang='lat' dir='ltr'>atque</span> <span class='ocrx_word' id='word_1_34' title='bbox 760 890 846 965; x_wconf 92' lang='lat' dir='ltr'>aliis</span> <span class='ocrx_word' id='word_1_35' title='bbox 874 910 1009 991; x_wconf 89' lang='lat' dir='ltr'>aperte</span> <span class='ocrx_word' id='word_1_36' title='bbox 1034 923 1154 997; x_wconf 88' lang='lat' dir='ltr'>repu-</span> 
     </span>
     <span class='ocr_line' id='line_1_7' title="bbox 60 986 1153 1097; baseline 0.005 -29"><span class='ocrx_word' id='word_1_37' title='bbox 60 1003 244 1097; x_wconf 81' lang='lat' dir='ltr'>gnarent.</span> <span class='ocrx_word' id='word_1_38' title='bbox 297 988 421 1065; x_wconf 81' lang='lat' dir='ltr'>Multi</span> <span class='ocrx_word' id='word_1_39' title='bbox 446 986 633 1077; x_wconf 85' lang='lat' dir='ltr'>suerunt,</span> <span class='ocrx_word' id='word_1_40' title='bbox 663 988 733 1084; x_wconf 88' lang='lat' dir='ltr'>qui</span> <span class='ocrx_word' id='word_1_41' title='bbox 757 990 801 1063; x_wconf 94' lang='lat' dir='ltr'>in</span> <span class='ocrx_word' id='word_1_42' title='bbox 824 990 1061 1069; x_wconf 83' lang='lat' dir='ltr'>testimoniis</span> <span class='ocrx_word' id='word_1_43' title='bbox 1088 1000 1153 1075; x_wconf 84' lang='lat' dir='ltr'>lris</span> 
     </span>
     <span class='ocr_line' id='line_1_8' title="bbox 61 1084 1156 1193; baseline 0.003 -23"><span class='ocrx_word' id='word_1_44' title='bbox 61 1088 324 1193; x_wconf 80' lang='lat' dir='ltr'>colligendis,</span> <span class='ocrx_word' id='word_1_45' title='bbox 350 1084 615 1177; x_wconf 86' lang='lat' dir='ltr'>illustrandis,</span> <span class='ocrx_word' id='word_1_46' title='bbox 644 1086 911 1167; x_wconf 82' lang='lat' dir='ltr'>defendendis</span> <span class='ocrx_word' id='word_1_47' title='bbox 937 1093 1063 1169; x_wconf 86' lang='lat' dir='ltr'>studia</span> <span class='ocrx_word' id='word_1_48' title='bbox 1086 1098 1156 1175; x_wconf 86' lang='lat' dir='ltr'>sua</span> 
     </span>
     <span class='ocr_line' id='line_1_9' title="bbox 61 1188 1155 1294; baseline 0.004 -23"><span class='ocrx_word' id='word_1_49' title='bbox 61 1194 330 1276; x_wconf 78' lang='lat' dir='ltr'>collocarent,</span> <span class='ocrx_word' id='word_1_50' title='bbox 370 1216 420 1265; x_wconf 94' lang='lat' dir='ltr'>eo</span> <span class='ocrx_word' id='word_1_51' title='bbox 452 1188 701 1279; x_wconf 76' lang='lat' dir='ltr'>discrimine,</span> <span class='ocrx_word' id='word_1_52' title='bbox 736 1206 782 1265; x_wconf 93' lang='lat' dir='ltr'>ut</span> <span class='ocrx_word' id='word_1_53' title='bbox 814 1194 882 1266; x_wconf 91' lang='lat' dir='ltr'>alii</span> <span class='ocrx_word' id='word_1_54' title='bbox 912 1195 1155 1294; x_wconf 83' lang='lat' dir='ltr'>potillmrum</span> 
     </span>
     <span class='ocr_line' id='line_1_10' title="bbox 60 1288 1239 1391; baseline 0.003 -20"><span class='ocrx_word' id='word_1_55' title='bbox 60 1292 249 1371; x_wconf 88' lang='lat' dir='ltr'>universa</span> <span class='ocrx_word' id='word_1_56' title='bbox 266 1290 490 1369; x_wconf 82' lang='lat' dir='ltr'>testimonia</span> <span class='ocrx_word' id='word_1_57' title='bbox 502 1288 586 1391; x_wconf 88' lang='lat' dir='ltr'>ipsa</span> <span class='ocrx_word' id='word_1_58' title='bbox 603 1290 869 1381; x_wconf 82' lang='lat' dir='ltr'>recenserent,</span> <span class='ocrx_word' id='word_1_59' title='bbox 888 1296 955 1369; x_wconf 87' lang='lat' dir='ltr'>alii</span> <span class='ocrx_word' id='word_1_60' title='bbox 979 1324 1079 1373; x_wconf 81' lang='lat' dir='ltr'>vero</span> <span class='ocrx_word' id='word_1_61' title='bbox 1102 1300 1155 1375; x_wconf 90' lang='lat' dir='ltr'>de</span> <span class='ocrx_word' id='word_1_62' title='bbox 1232 1328 1239 1343; x_wconf 75' lang='lat'><strong><em>¹</em></strong></span> 
     </span>
     <span class='ocr_line' id='line_1_11' title="bbox 61 1391 1157 1497; baseline 0.003 -24"><span class='ocrx_word' id='word_1_63' title='bbox 61 1394 329 1497; x_wconf 82' lang='lat' dir='ltr'>singularibus</span> <span class='ocrx_word' id='word_1_64' title='bbox 351 1392 533 1467; x_wconf 88' lang='lat' dir='ltr'>Patribus</span> <span class='ocrx_word' id='word_1_65' title='bbox 559 1416 704 1467; x_wconf 90' lang='lat' dir='ltr'>eorum</span> <span class='ocrx_word' id='word_1_66' title='bbox 729 1391 913 1469; x_wconf 88' lang='lat' dir='ltr'>doctrina</span> <span class='ocrx_word' id='word_1_67' title='bbox 930 1394 1157 1497; x_wconf 80' lang='lat' dir='ltr'>dogmatica</span> 
     </span>
     <span class='ocr_line' id='line_1_12' title="bbox 62 1492 1155 1595; baseline 0.006 -22"><span class='ocrx_word' id='word_1_68' title='bbox 62 1512 108 1573; x_wconf 86' lang='lat' dir='ltr'>et</span> <span class='ocrx_word' id='word_1_69' title='bbox 121 1494 358 1573; x_wconf 83' lang='lat' dir='ltr'>testimoniis</span> <span class='ocrx_word' id='word_1_70' title='bbox 376 1516 454 1595; x_wconf 88' lang='lat' dir='ltr'>pro</span> <span class='ocrx_word' id='word_1_71' title='bbox 473 1492 641 1569; x_wconf 80' lang='lat' dir='ltr'>veritate</span> <span class='ocrx_word' id='word_1_72' title='bbox 660 1496 893 1595; x_wconf 87' lang='lat' dir='ltr'>evangelica</span> <span class='ocrx_word' id='word_1_73' title='bbox 910 1494 1155 1581; x_wconf 82' lang='lat' dir='ltr'>dill&#39;ererent.</span> 
     </span>
    </p>
   </div>
   <div class='ocr_carea' id='block_1_3' title="bbox 533 1694 743 1827">
    <p class='ocr_par' dir='ltr' id='par_1_3' title="bbox 533 1694 743 1827">
     <span class='ocr_line' id='line_1_13' title="bbox 533 1694 743 1827; baseline 0 -39"><span class='ocrx_word' id='word_1_74' title='bbox 533 1694 743 1827; x_wconf 70' lang='lat' dir='ltr'>§.aa⁸</span> 
     </span>
    </p>
   </div>
   <div class='ocr_carea' id='block_1_4' title="bbox 59 1856 1159 2767">
    <p class='ocr_par' dir='ltr' id='par_1_4' title="bbox 75 1856 1154 1973">
     <span class='ocr_line' id='line_1_14' title="bbox 75 1856 1154 1973; baseline 0.008 -29"><span class='ocrx_word' id='word_1_75' title='bbox 75 1856 80 1863; x_wconf 61' lang='grc'><strong>’</strong></span> <span class='ocrx_word' id='word_1_76' title='bbox 165 1866 249 1943; x_wconf 84' lang='lat' dir='ltr'>Res</span> <span class='ocrx_word' id='word_1_77' title='bbox 264 1862 448 1969; x_wconf 85' lang='lat' dir='ltr'>postulat,</span> <span class='ocrx_word' id='word_1_78' title='bbox 466 1862 744 1967; x_wconf 88' lang='lat' dir='ltr'>utScriptores</span> <span class='ocrx_word' id='word_1_79' title='bbox 758 1870 969 1969; x_wconf 87' lang='lat' dir='ltr'>utriusque</span> <span class='ocrx_word' id='word_1_80' title='bbox 979 1874 1154 1973; x_wconf 88' lang='lat' dir='ltr'>generis,</span> 
     </span>
    </p>

    <p class='ocr_par' dir='ltr' id='par_1_5' title="bbox 59 1966 1159 2767">
     <span class='ocr_line' id='line_1_15' title="bbox 59 1966 1158 2071; baseline 0.005 -26"><span class='ocrx_word' id='word_1_81' title='bbox 59 1966 146 2045; x_wconf 83' lang='lat' dir='ltr'>iam</span> <span class='ocrx_word' id='word_1_82' title='bbox 163 1984 428 2054; x_wconf 88' lang='lat' dir='ltr'>memoratos,</span> <span class='ocrx_word' id='word_1_83' title='bbox 456 1966 636 2040; x_wconf 86' lang='lat' dir='ltr'>distincte</span> <span class='ocrx_word' id='word_1_84' title='bbox 651 1968 928 2047; x_wconf 86' lang='lat' dir='ltr'>recenseamus</span> <span class='ocrx_word' id='word_1_85' title='bbox 946 1990 1063 2071; x_wconf 87' lang='lat' dir='ltr'>atque</span> <span class='ocrx_word' id='word_1_86' title='bbox 1079 1978 1158 2052; x_wconf 89' lang='lat' dir='ltr'>ini·</span> 
     </span>
     <span class='ocr_line' id='line_1_16' title="bbox 63 2066 1158 2165; baseline 0.005 -19"><span class='ocrx_word' id='word_1_87' title='bbox 63 2072 169 2147; x_wconf 89' lang='lat' dir='ltr'>tium</span> <span class='ocrx_word' id='word_1_88' title='bbox 195 2066 387 2144; x_wconf 83' lang='lat' dir='ltr'>faciamus</span> <span class='ocrx_word' id='word_1_89' title='bbox 407 2068 453 2141; x_wconf 90' lang='lat' dir='ltr'>ab</span> <span class='ocrx_word' id='word_1_90' title='bbox 474 2068 546 2157; x_wconf 91' lang='lat' dir='ltr'>iis,</span> <span class='ocrx_word' id='word_1_91' title='bbox 575 2068 645 2165; x_wconf 91' lang='lat' dir='ltr'>qui</span> <span class='ocrx_word' id='word_1_92' title='bbox 669 2066 781 2144; x_wconf 90' lang='lat' dir='ltr'>deca</span> <span class='ocrx_word' id='word_1_93' title='bbox 810 2070 931 2146; x_wconf 86' lang='lat' dir='ltr'>itibus</span> <span class='ocrx_word' id='word_1_94' title='bbox 950 2072 1158 2153; x_wconf 84' lang='lat' dir='ltr'>doctrinae</span> 
     </span>
     <span class='ocr_line' id='line_1_17' title="bbox 65 2096 1155 2255; baseline 0.005 -6"><span class='ocrx_word' id='word_1_95' title='bbox 65 2168 302 2249; x_wconf 85' lang='lat' dir='ltr'>christianae</span> <span class='ocrx_word' id='word_1_96' title='bbox 325 2168 481 2243; x_wconf 89' lang='lat' dir='ltr'>nostrae</span> <span class='ocrx_word' id='word_1_97' title='bbox 508 2166 707 2243; x_wconf 84' lang='lat' dir='ltr'>univerfis</span> <span class='ocrx_word' id='word_1_98' title='bbox 733 2096 957 2247; x_wconf 68' lang='lat' dir='ltr'>testimonia</span> <span class='ocrx_word' id='word_1_99' title='bbox 975 2178 1155 2255; x_wconf 85' lang='lat' dir='ltr'>veritatis</span> 
     </span>
     <span class='ocr_line' id='line_1_18' title="bbox 62 2270 1158 2371; baseline 0.004 -22"><span class='ocrx_word' id='word_1_100' title='bbox 62 2274 335 2371; x_wconf 74' lang='lat' dir='ltr'>reliquerunt:</span> <span class='ocrx_word' id='word_1_101' title='bbox 364 2270 413 2344; x_wconf 92' lang='lat' dir='ltr'>de</span> <span class='ocrx_word' id='word_1_102' title='bbox 432 2272 638 2370; x_wconf 86' lang='lat' dir='ltr'>Scriptura</span> <span class='ocrx_word' id='word_1_103' title='bbox 655 2272 715 2359; x_wconf 88' lang='lat' dir='ltr'>S.,</span> <span class='ocrx_word' id='word_1_104' title='bbox 742 2296 886 2345; x_wconf 87' lang='lat' dir='ltr'>norma</span> <span class='ocrx_word' id='word_1_105' title='bbox 911 2270 1006 2348; x_wconf 88' lang='lat' dir='ltr'>lidei</span> <span class='ocrx_word' id='word_1_106' title='bbox 1031 2302 1075 2351; x_wconf 91' lang='lat' dir='ltr'>ac</span> <span class='ocrx_word' id='word_1_107' title='bbox 1095 2280 1158 2353; x_wconf 87' lang='lat' dir='ltr'>vi-</span> 
     </span>
     <span class='ocr_line' id='line_1_19' title="bbox 63 2370 1157 2471; baseline 0.004 -22"><span class='ocrx_word' id='word_1_108' title='bbox 63 2388 150 2465; x_wconf 78' lang='lat' dir='ltr'>tae3</span> <span class='ocrx_word' id='word_1_109' title='bbox 178 2372 228 2447; x_wconf 92' lang='lat' dir='ltr'>de</span> <span class='ocrx_word' id='word_1_110' title='bbox 253 2371 469 2461; x_wconf 88' lang='lat' dir='ltr'>Trinitate;</span> <span class='ocrx_word' id='word_1_111' title='bbox 500 2370 550 2445; x_wconf 90' lang='lat' dir='ltr'>de</span> <span class='ocrx_word' id='word_1_112' title='bbox 571 2374 738 2445; x_wconf 88' lang='lat' dir='ltr'>Peccato</span> <span class='ocrx_word' id='word_1_113' title='bbox 765 2372 954 2471; x_wconf 85' lang='lat' dir='ltr'>originis;</span> <span class='ocrx_word' id='word_1_114' title='bbox 983 2375 1032 2449; x_wconf 89' lang='lat' dir='ltr'>de</span> <span class='ocrx_word' id='word_1_115' title='bbox 1058 2382 1157 2453; x_wconf 89' lang='lat' dir='ltr'>Gra·</span> 
     </span>
     <span class='ocr_line' id='line_1_20' title="bbox 63 2471 1155 2571; baseline 0.004 -21"><span class='ocrx_word' id='word_1_116' title='bbox 63 2476 141 2551; x_wconf 88' lang='lat' dir='ltr'>tia:</span> <span class='ocrx_word' id='word_1_117' title='bbox 168 2472 219 2549; x_wconf 92' lang='lat' dir='ltr'>de</span> <span class='ocrx_word' id='word_1_118' title='bbox 246 2472 426 2565; x_wconf 82' lang='lat' dir='ltr'>Clarillo,</span> <span class='ocrx_word' id='word_1_119' title='bbox 455 2472 663 2547; x_wconf 84' lang='lat' dir='ltr'>divinitate</span> <span class='ocrx_word' id='word_1_120' title='bbox 690 2473 777 2546; x_wconf 89' lang='lat' dir='ltr'>eius</span> <span class='ocrx_word' id='word_1_121' title='bbox 803 2489 843 2547; x_wconf 92' lang='lat' dir='ltr'>et</span> <span class='ocrx_word' id='word_1_122' title='bbox 868 2471 1155 2571; x_wconf 79' lang='lat' dir='ltr'>satisfactione3</span> 
     </span>
     <span class='ocr_line' id='line_1_21' title="bbox 66 2570 1159 2678; baseline 0.005 -27"><span class='ocrx_word' id='word_1_123' title='bbox 66 2576 119 2651; x_wconf 88' lang='lat' dir='ltr'>de</span> <span class='ocrx_word' id='word_1_124' title='bbox 144 2570 447 2664; x_wconf 81' lang='lat' dir='ltr'>lustificatione3</span> <span class='ocrx_word' id='word_1_125' title='bbox 483 2574 532 2647; x_wconf 91' lang='lat' dir='ltr'>de</span> <span class='ocrx_word' id='word_1_126' title='bbox 559 2574 848 2667; x_wconf 75' lang='lat' dir='ltr'>sacramentis,</span> <span class='ocrx_word' id='word_1_127' title='bbox 879 2578 1085 2678; x_wconf 89' lang='lat' dir='ltr'>Baptismo</span> <span class='ocrx_word' id='word_1_128' title='bbox 1118 2596 1159 2657; x_wconf 89' lang='lat' dir='ltr'>et</span> 
     </span>
     <span class='ocr_line' id='line_1_22' title="bbox 66 2674 565 2767; baseline -0.016 -11"><span class='ocrx_word' id='word_1_129' title='bbox 66 2680 107 2755; x_wconf 87' lang='lat' dir='ltr'>S.</span> <span class='ocrx_word' id='word_1_130' title='bbox 126 2678 284 2767; x_wconf 60' lang='lat' dir='ltr'>coeam</span> <span class='ocrx_word' id='word_1_131' title='bbox 315 2674 364 2749; x_wconf 89' lang='lat' dir='ltr'>dc</span> <span class='ocrx_word' id='word_1_132' title='bbox 382 2674 565 2750; x_wconf 85' lang='lat' dir='ltr'>Ecclesia.</span> 
     </span>
    </p>
   </div>
   <div class='ocr_carea' id='block_1_5' title="bbox 64 2812 1162 4129">
    <p class='ocr_par' dir='ltr' id='par_1_6' title="bbox 64 2812 1162 4129">
     <span class='ocr_line' id='line_1_23' title="bbox 167 2812 1160 2913; baseline 0.009 -26"><span class='ocrx_word' id='word_1_133' title='bbox 167 2816 198 2887; x_wconf 89' lang='lat'>1.</span> <span class='ocrx_word' id='word_1_134' title='bbox 240 2818 299 2887; x_wconf 88' lang='lat' dir='ltr'>De</span> <span class='ocrx_word' id='word_1_135' title='bbox 315 2818 509 2909; x_wconf 79' lang='lat' dir='ltr'>Scriptura</span> <span class='ocrx_word' id='word_1_136' title='bbox 527 2816 566 2885; x_wconf 83' lang='lat' dir='ltr'>S.</span> <span class='ocrx_word' id='word_1_137' title='bbox 584 2814 705 2887; x_wconf 84' lang='lat' dir='ltr'>multu</span> <span class='ocrx_word' id='word_1_138' title='bbox 720 2812 894 2913; x_wconf 87' lang='lat' dir='ltr'>variaque</span> <span class='ocrx_word' id='word_1_139' title='bbox 916 2818 1083 2893; x_wconf 81' lang='lat' dir='ltr'>veritatis</span> <span class='ocrx_word' id='word_1_140' title='bbox 1106 2838 1160 2897; x_wconf 86' lang='lat' dir='ltr'>te·</span> 
     </span>
     <span class='ocr_line' id='line_1_24' title="bbox 66 2910 1159 3001; baseline 0.004 -11"><span class='ocrx_word' id='word_1_141' title='bbox 66 2910 243 2991; x_wconf 70' lang='lat' dir='ltr'>[limonia</span> <span class='ocrx_word' id='word_1_142' title='bbox 266 2922 391 2989; x_wconf 86' lang='lat' dir='ltr'>Patres</span> <span class='ocrx_word' id='word_1_143' title='bbox 416 2918 609 2988; x_wconf 87' lang='lat' dir='ltr'>dederunt.</span> <span class='ocrx_word' id='word_1_144' title='bbox 636 2962 642 2993; x_wconf 71' lang='lat'>2</span> <span class='ocrx_word' id='word_1_145' title='bbox 663 2918 835 2990; x_wconf 88' lang='lat' dir='ltr'>Tradunt</span> <span class='ocrx_word' id='word_1_146' title='bbox 855 2918 932 3001; x_wconf 88' lang='lat' dir='ltr'>illi,</span> <span class='ocrx_word' id='word_1_147' title='bbox 959 2919 1027 2992; x_wconf 86' lang='lat' dir='ltr'>elle</span> <span class='ocrx_word' id='word_1_148' title='bbox 1052 2923 1159 2999; x_wconf 87' lang='lat' dir='ltr'>illam</span> 
     </span>
     <span class='ocr_line' id='line_1_25' title="bbox 67 3017 1160 3116; baseline 0.002 -25"><span class='ocrx_word' id='word_1_149' title='bbox 67 3018 221 3091; x_wconf 88' lang='lat' dir='ltr'>unicam</span> <span class='ocrx_word' id='word_1_150' title='bbox 238 3017 326 3091; x_wconf 78' lang='lat' dir='ltr'>sidci</span> <span class='ocrx_word' id='word_1_151' title='bbox 342 3044 383 3089; x_wconf 87' lang='lat' dir='ltr'>ac</span> <span class='ocrx_word' id='word_1_152' title='bbox 399 3018 498 3089; x_wconf 88' lang='lat' dir='ltr'>vitae</span> <span class='ocrx_word' id='word_1_153' title='bbox 515 3019 694 3116; x_wconf 84' lang='lat' dir='ltr'>regulam.</span> <span class='ocrx_word' id='word_1_154' title='bbox 749 3026 957 3091; x_wconf 71' lang='lat' dir='ltr'>lanuinus</span> <span class='ocrx_word' id='word_1_155' title='bbox 975 3022 1054 3091; x_wconf 87' lang='lat' dir='ltr'>adv.</span> <span class='ocrx_word' id='word_1_156' title='bbox 1074 3025 1160 3097; x_wconf 88' lang='lat' dir='ltr'>hae.</span> 
     </span>
     <span class='ocr_line' id='line_1_26' title="bbox 67 3112 1160 3221; baseline 0.005 -29"><span class='ocrx_word' id='word_1_157' title='bbox 67 3118 136 3193; x_wconf 83' lang='lat' dir='ltr'>res.</span> <span class='ocrx_word' id='word_1_158' title='bbox 153 3122 218 3205; x_wconf 89' lang='lat'>111,</span> <span class='ocrx_word' id='word_1_159' title='bbox 238 3122 272 3191; x_wconf 86' lang='lat'>1.</span> <span class='ocrx_word' id='word_1_160' title='bbox 290 3120 398 3191; x_wconf 86' lang='lat' dir='ltr'>dicit:</span> <span class='ocrx_word' id='word_1_161' title='bbox 433 3124 521 3187; x_wconf 86' lang='lat' dir='ltr'>Nou</span> <span class='ocrx_word' id='word_1_162' title='bbox 543 3144 611 3213; x_wconf 83' lang='lat' dir='ltr'>per</span> <span class='ocrx_word' id='word_1_163' title='bbox 627 3122 721 3191; x_wconf 84' lang='lat' dir='ltr'>ulios</span> <span class='ocrx_word' id='word_1_164' title='bbox 744 3112 1011 3217; x_wconf 75' lang='lat' dir='ltr'>dispositionem</span> <span class='ocrx_word' id='word_1_165' title='bbox 1028 3119 1160 3221; x_wconf 76' lang='lat' dir='ltr'>salictis</span> 
     </span>
     <span class='ocr_line' id='line_1_27' title="bbox 68 3224 1159 3319; baseline 0.005 -28"><span class='ocrx_word' id='word_1_166' title='bbox 68 3234 217 3291; x_wconf 83' lang='lat' dir='ltr'>notrae</span> <span class='ocrx_word' id='word_1_167' title='bbox 235 3224 492 3319; x_wconf 78' lang='lat' dir='ltr'>cognorimus,</span> <span class='ocrx_word' id='word_1_168' title='bbox 520 3245 634 3313; x_wconf 80' lang='lat' dir='ltr'>qrtom</span> <span class='ocrx_word' id='word_1_169' title='bbox 656 3247 724 3313; x_wconf 84' lang='lat' dir='ltr'>per</span> <span class='ocrx_word' id='word_1_170' title='bbox 743 3244 821 3305; x_wconf 84' lang='lat' dir='ltr'>cos,</span> <span class='ocrx_word' id='word_1_171' title='bbox 847 3246 914 3315; x_wconf 85' lang='lat' dir='ltr'>per</span> <span class='ocrx_word' id='word_1_172' title='bbox 929 3247 1019 3315; x_wconf 78' lang='lat' dir='ltr'>quos</span> <span class='ocrx_word' id='word_1_173' title='bbox 1034 3230 1159 3297; x_wconf 86' lang='lat' dir='ltr'>Ecan·</span> 
     </span>
     <span class='ocr_line' id='line_1_28' title="bbox 67 3322 1161 3421; baseline 0.004 -28"><span class='ocrx_word' id='word_1_174' title='bbox 67 3322 210 3421; x_wconf 80' lang='lat' dir='ltr'>gelium</span> <span class='ocrx_word' id='word_1_175' title='bbox 231 3326 398 3418; x_wconf 76' lang='lat' dir='ltr'>pertenit</span> <span class='ocrx_word' id='word_1_176' title='bbox 423 3322 473 3389; x_wconf 78' lang='lat' dir='ltr'>(ul</span> <span class='ocrx_word' id='word_1_177' title='bbox 496 3344 585 3391; x_wconf 84' lang='lat' dir='ltr'>uos:</span> <span class='ocrx_word' id='word_1_178' title='bbox 614 3322 713 3415; x_wconf 75' lang='lat' dir='ltr'>qrcorl</span> <span class='ocrx_word' id='word_1_179' title='bbox 739 3324 885 3417; x_wconf 82' lang='lat' dir='ltr'>quidem</span> <span class='ocrx_word' id='word_1_180' title='bbox 905 3338 992 3393; x_wconf 76' lang='lat' dir='ltr'>tum</span> <span class='ocrx_word' id='word_1_181' title='bbox 1007 3352 1161 3419; x_wconf 83' lang='lat' dir='ltr'>praeco·</span> 
     </span>
     <span class='ocr_line' id='line_1_29' title="bbox 69 3414 1161 3519; baseline 0.005 -26"><span class='ocrx_word' id='word_1_182' title='bbox 69 3426 286 3507; x_wconf 83' lang='lat' dir='ltr'>uiuueruut,</span> <span class='ocrx_word' id='word_1_183' title='bbox 308 3414 435 3519; x_wconf 79' lang='lat' dir='ltr'>postca</span> <span class='ocrx_word' id='word_1_184' title='bbox 457 3444 545 3492; x_wconf 78' lang='lat' dir='ltr'>tero</span> <span class='ocrx_word' id='word_1_185' title='bbox 566 3446 634 3517; x_wconf 83' lang='lat' dir='ltr'>per</span> <span class='ocrx_word' id='word_1_186' title='bbox 653 3426 727 3493; x_wconf 80' lang='lat' dir='ltr'>Dei</span> <span class='ocrx_word' id='word_1_187' title='bbox 750 3424 983 3493; x_wconf 78' lang='lat' dir='ltr'>uoluntatem</span> <span class='ocrx_word' id='word_1_188' title='bbox 1010 3430 1046 3495; x_wconf 88' lang='lat' dir='ltr'>iu</span> <span class='ocrx_word' id='word_1_189' title='bbox 1063 3432 1161 3499; x_wconf 85' lang='lat' dir='ltr'>Scri·</span> 
     </span>
     <span class='ocr_line' id='line_1_30' title="bbox 67 3516 1161 3621; baseline 0.005 -28"><span class='ocrx_word' id='word_1_190' title='bbox 67 3529 190 3621; x_wconf 70' lang='lat' dir='ltr'>pluris</span> <span class='ocrx_word' id='word_1_191' title='bbox 206 3524 308 3595; x_wconf 80' lang='lat' dir='ltr'>nobis</span> <span class='ocrx_word' id='word_1_192' title='bbox 321 3525 565 3607; x_wconf 81' lang='lat' dir='ltr'>tradiderunt,</span> <span class='ocrx_word' id='word_1_193' title='bbox 585 3516 879 3614; x_wconf 71' lang='grc' dir='ltr'>Ι[ιιηιίαηιεηειιηι</span> <span class='ocrx_word' id='word_1_194' title='bbox 898 3541 933 3595; x_wconf 86' lang='lat' dir='ltr'>et</span> <span class='ocrx_word' id='word_1_195' title='bbox 948 3526 1161 3599; x_wconf 87' lang='lat' dir='ltr'>columnam</span> 
     </span>
     <span class='ocr_line' id='line_1_31' title="bbox 64 3616 1161 3721; baseline 0.006 -27"><span class='ocrx_word' id='word_1_196' title='bbox 64 3620 159 3719; x_wconf 73' lang='lat' dir='ltr'>fidei</span> <span class='ocrx_word' id='word_1_197' title='bbox 174 3618 319 3721; x_wconf 86' lang='lat' dir='ltr'>nostrae</span> <span class='ocrx_word' id='word_1_198' title='bbox 336 3616 533 3719; x_wconf 68' lang='lat' dir='ltr'>fratruum,-</span> <span class='ocrx_word' id='word_1_199' title='bbox 557 3623 641 3695; x_wconf 91' lang='lat' dir='ltr'>Lib.</span> <span class='ocrx_word' id='word_1_200' title='bbox 665 3630 724 3695; x_wconf 83' lang='lat' dir='ltr'>tv.</span> <span class='ocrx_word' id='word_1_201' title='bbox 753 3630 838 3719; x_wconf 89' lang='lat' dir='ltr'>Cap.</span> <span class='ocrx_word' id='word_1_202' title='bbox 857 3624 907 3699; x_wconf 76' lang='lat'>69</span> <span class='ocrx_word' id='word_1_203' title='bbox 925 3646 1051 3699; x_wconf 83' lang='lat' dir='ltr'>autern</span> <span class='ocrx_word' id='word_1_204' title='bbox 1068 3632 1161 3701; x_wconf 83' lang='lat' dir='ltr'>Scri·</span> 
     </span>
     <span class='ocr_line' id='line_1_32' title="bbox 69 3728 1159 3823; baseline 0.005 -26"><span class='ocrx_word' id='word_1_205' title='bbox 69 3742 225 3823; x_wconf 76' lang='lat' dir='ltr'>pteram</span> <span class='ocrx_word' id='word_1_206' title='bbox 256 3728 443 3823; x_wconf 77' lang='lat' dir='ltr'>Regulam</span> <span class='ocrx_word' id='word_1_207' title='bbox 471 3729 637 3795; x_wconf 77' lang='lat' dir='ltr'>ueritatis</span> <span class='ocrx_word' id='word_1_208' title='bbox 665 3728 836 3819; x_wconf 88' lang='lat' dir='ltr'>appellat.</span> <span class='ocrx_word' id='word_1_209' title='bbox 889 3730 1159 3803; x_wconf 72' lang='lat' dir='ltr'>Pocrcaneus</span> 
     </span>
     <span class='ocr_line' id='line_1_33' title="bbox 67 3818 1161 3925; baseline 0.004 -24"><span class='ocrx_word' id='word_1_210' title='bbox 67 3818 185 3923; x_wconf 80' lang='lat' dir='ltr'>Epist.</span> <span class='ocrx_word' id='word_1_211' title='bbox 205 3828 257 3897; x_wconf 81' lang='lat' dir='ltr'>cul</span> <span class='ocrx_word' id='word_1_212' title='bbox 273 3829 433 3923; x_wconf 77' lang='lat' dir='ltr'>l&#39;liilipp.</span> <span class='ocrx_word' id='word_1_213' title='bbox 452 3834 538 3922; x_wconf 88' lang='lat' dir='ltr'>Cap.</span> <span class='ocrx_word' id='word_1_214' title='bbox 558 3830 593 3899; x_wconf 83' lang='lat' dir='ltr'>ii.</span> <span class='ocrx_word' id='word_1_215' title='bbox 609 3830 646 3897; x_wconf 91' lang='lat'>7.</span> <span class='ocrx_word' id='word_1_216' title='bbox 664 3830 767 3911; x_wconf 82' lang='lat' dir='ltr'>vult,</span> <span class='ocrx_word' id='word_1_217' title='bbox 795 3846 838 3899; x_wconf 92' lang='lat' dir='ltr'>ut</span> <span class='ocrx_word' id='word_1_218' title='bbox 853 3828 1105 3925; x_wconf 87' lang='lat' dir='ltr'>Philippenses</span> <span class='ocrx_word' id='word_1_219' title='bbox 1121 3832 1161 3905; x_wconf 88' lang='lat' dir='ltr'>in</span> 
     </span>
     <span class='ocr_line' id='line_1_34' title="bbox 70 3924 1161 4023; baseline 0 -22"><span class='ocrx_word' id='word_1_220' title='bbox 70 3931 180 4001; x_wconf 89' lang='lat' dir='ltr'>cultu</span> <span class='ocrx_word' id='word_1_221' title='bbox 199 3930 329 4000; x_wconf 72' lang='lat' dir='ltr'>divino</span> <span class='ocrx_word' id='word_1_222' title='bbox 349 3950 539 4023; x_wconf 86' lang='lat' dir='ltr'>praccepta</span> <span class='ocrx_word' id='word_1_223' title='bbox 558 3924 705 4012; x_wconf 85' lang='lat' dir='ltr'>Christi,</span> <span class='ocrx_word' id='word_1_224' title='bbox 732 3926 1001 4023; x_wconf 80' lang='lat' dir='ltr'>Apostolorum</span> <span class='ocrx_word' id='word_1_225' title='bbox 1020 3950 1055 4001; x_wconf 88' lang='lat' dir='ltr'>et</span> <span class='ocrx_word' id='word_1_226' title='bbox 1072 3940 1161 4003; x_wconf 90' lang='lat' dir='ltr'>Pro·</span> 
     </span>
     <span class='ocr_line' id='line_1_35' title="bbox 68 4030 1162 4129; baseline 0.003 -28"><span class='ocrx_word' id='word_1_227' title='bbox 68 4032 541 4129; x_wconf 71' lang='lat' dir='ltr'>phetarumlapranu1ret</span> <span class='ocrx_word' id='word_1_228' title='bbox 561 4030 712 4123; x_wconf 88' lang='lat' dir='ltr'>qnando</span> <span class='ocrx_word' id='word_1_229' title='bbox 732 4032 883 4101; x_wconf 87' lang='lat' dir='ltr'>cosdem</span> <span class='ocrx_word' id='word_1_230' title='bbox 901 4034 1091 4118; x_wconf 82' lang='lat' dir='ltr'>ltortatnr,</span> <span class='ocrx_word' id='word_1_231' title='bbox 1119 4048 1162 4105; x_wconf 86' lang='lat' dir='ltr'>ut</span> 
     </span>
    </p>
   </div>
   <div class='ocr_carea' id='block_1_6' title="bbox 69 4126 1162 4301">
    <p class='ocr_par' dir='ltr' id='par_1_7' title="bbox 69 4126 1162 4301">
     <span class='ocr_line' id='line_1_36' title="bbox 69 4126 1162 4273; baseline 0 -66"><span class='ocrx_word' id='word_1_232' title='bbox 69 4154 231 4207; x_wconf 79' lang='lat' dir='ltr'>omnem</span> <span class='ocrx_word' id='word_1_233' title='bbox 256 4132 459 4213; x_wconf 75' lang='lat' dir='ltr'>vanitatem</span> <span class='ocrx_word' id='word_1_234' title='bbox 488 4148 525 4203; x_wconf 90' lang='lat' dir='ltr'>et</span> <span class='ocrx_word' id='word_1_235' title='bbox 550 4126 639 4203; x_wconf 87' lang='lat' dir='ltr'>falsa</span> <span class='ocrx_word' id='word_1_236' title='bbox 670 4132 847 4227; x_wconf 79' lang='lat' dir='ltr'>dogmata</span> <span class='ocrx_word' id='word_1_237' title='bbox 865 4132 1061 4273; x_wconf 68' lang='lat' dir='ltr'>perirem,</span> <span class='ocrx_word' id='word_1_238' title='bbox 1096 4158 1162 4207; x_wconf 82' lang='lat' dir='ltr'>eos</span> 
     </span>
     <span class='ocr_line' id='line_1_37' title="bbox 806 4232 854 4301; baseline 0.042 -2"><span class='ocrx_word' id='word_1_239' title='bbox 806 4232 854 4301; x_wconf 72' lang='lat' dir='ltr'>:tt</span> 
     </span>
    </p>
   </div>
   <div class='ocr_carea' id='block_1_7' title="bbox 0 0 1284 4724">
    <p class='ocr_par' dir='ltr' id='par_1_8' title="bbox 0 0 1284 4724">
     <span class='ocr_line' id='line_1_38' title="bbox 0 0 1284 4724; baseline 0 0"><span class='ocrx_word' id='word_1_240' title='bbox 0 0 1284 4724; x_wconf 95' lang='lat' dir='ltr'> </span> 
     </span>
    </p>
   </div>
  </div>
 </body>
</html>
