2542 4724
421 265 457 341 C
483 285 509 336 a
535 287 570 341 r.
598 268 682 341 ΧΗ.
733 262 767 356 §.
796 267 882 343 117.
1118 266 1193 349 ttt

102 469 219 550 caput
236 453 394 550 exponit
414 452 459 525 de
477 452 667 525 hilaritate
687 453 965 551 comparanda,
990 478 1071 527 non
1089 461 1193 529 Cate-
1214 438 1230 497 l

101 556 292 639 chumeni,
310 554 371 625 sed
389 556 615 625 Catechetae.
667 561 840 650 Namque
856 582 975 650 quum
991 555 1100 628 facile
1116 575 1193 629 tae·

102 656 212 728 dium
242 657 364 740 illius,
400 656 466 749 qui
495 655 663 728 rudiores
692 654 825 727 docere
859 657 989 744 debet,
1023 658 1193 739 animum

102 781 288 853 occupare
319 753 448 851 posin,
492 756 536 827 dc
571 780 647 849 quo
684 757 795 829 etiam
818 758 1040 855 Deogratias
1069 756 1193 829 fuerat

102 854 345 953 conquestus,
385 882 454 928 nec
484 857 558 927 lroc
587 875 828 929 momentum
861 859 1047 930 intactum
1070 860 1193 929 ¹relin-

102 983 217 1054 quere
237 960 363 1029 voluit
377 962 671 1029 Auousrtuus.
731 958 832 1029 Hinc
846 983 927 1029 non
948 959 1073 1030 solum
1091 959 1192 1030 caus-

101 1059 159 1132 sas
176 1044 364 1131 eidsmodi
389 1059 500 1129 taedii
517 1077 680 1143 enarrat,
710 1058 772 1129 sed
790 1059 901 1131 etiam
916 1061 1097 1146 remedia,
1124 1083 1192 1156 per

104 1184 202 1256 quae
218 1160 259 1230 id
275 1186 321 1230 ex
337 1162 462 1230 animo
480 1158 523 1228 sit
541 1160 778 1243 eiciendum,
794 1156 1047 1232 commendat.
1073 1157 1195 1232 Poste·

101 1263 183 1335 rior
206 1261 294 1332 libri
316 1262 428 1331 huius
455 1285 541 1355 pars
566 1261 736 1331 continet
753 1260 850 1331 duos
866 1260 1078 1346 sermones,
1106 1264 1197 1333 alte·

103 1388 193 1433 rum
219 1362 454 1455 longiorem,
490 1363 649 1433 alterum
680 1385 776 1434 vero.
802 1356 1073 1448 breviilimum,
1108 1388 1197 1435 eum

101 1464 146 1535 in
164 1460 278 1534 srnem
296 1461 546 1557 compositos,
571 1479 617 1533 ut
632 1463 847 1557 exemplum
861 1462 1072 1556 praebeant,
1098 1487 1196 1557 quo·

102 1563 224 1636 modo
250 1561 294 1634 stt
319 1564 563 1648 erudiendus,
608 1565 674 1659 qui
702 1564 751 1634 ad
775 1560 1067 1636 Christianorum
1096 1564 1195 1636 sacra
1258 1648 1263 1663 Ι

104 1665 277 1735 accedere
303 1666 404 1736 velit.
457 1671 514 1741 Ex
537 1690 610 1760 qua
632 1664 720 1738 libri
744 1664 859 1737 buius
882 1664 1044 1750 summa,
1071 1666 1147 1736 iam
1173 1688 1196 1737 a

102 1765 219 1837 nobis
244 1766 428 1850 exhibita,
462 1767 564 1837 haud
590 1760 787 1835 difficulter
814 1762 862 1835 est
893 1766 1194 1864 intelligendum,

102 1866 218 1939 illum
240 1864 308 1939 else
330 1866 521 1964 egregium
545 1867 769 1960 antiquioris
786 1865 1024 1939 Catecheseoe
1055 1892 1194 1938 monu-

104 1985 292 2041 mentum.
318 1967 448 2038 Edidit
466 1975 521 2039 10.
541 1974 698 2038 Bruto.
717 1970 990 2038 Canezovrus
1004 1963 1196 2067 Disputat.

104 2068 159 2141 ad
169 2066 301 2139 librum
309 2059 509 2167 Augustini
522 2068 567 2138 de
576 2067 842 2140 catechizandis
855 2064 1016 2155 rudibus,
1029 2070 1071 2141 in
1085 2070 1194 2141 Eius·

107 2170 197 2241 deni
211 2163 535 2267 Disputationilrus
555 2169 753 2267 theologie.
775 2195 813 2265 p.
831 2169 918 2242 857.
969 2170 1198 2267 Adiungunt

104 2271 290 2343 nonnulli
319 2270 484 2342 eiusdem
516 2274 766 2343 Aucusrrur
791 2270 929 2341 librum
963 2270 1008 2343 de
1032 2272 1120 2342 Fide
1151 2295 1199 2341 oc

104 2368 300 2467 Symbola,
321 2396 401 2443 non
421 2371 567 2456 vitiose,
583 2390 627 2443 ut
642 2372 753 2443 nobis
763 2372 915 2466 quidem
923 2371 1083 2458 videtur,
1101 2396 1197 2467 quo·

104 2472 212 2547 niam
231 2472 261 2543 is
281 2472 552 2567 expositionem
570 2473 743 2566 Symboli
766 2467 956 2566 apostolic.
980 2473 1198 2568 complecti·

106 2592 182 2646 tur.
209 2572 418 2671 Augustino
439 2574 652 2673 adiungunt
669 2566 869 2659 nonnulli,
896 2591 1089 2669 tamquam
1104 2574 1202 2647 Scri·

107 2692 258 2771 prorem
290 2676 577 2760 cateelreticum,
607 2678 876 2748 Antunoswm
911 2673 961 2745 ob
985 2676 1126 2746 librum
1153 2675 1199 2749 de

58 2844 63 2851 .
106 2764 318 2873 Mpfieriis,
356 2776 420 2845 sub
446 2778 604 2849 nornine
629 2778 707 2849 eius
737 2777 879 2847 editum
889 2799 900 2860 ς
928 2800 1040 2871 quem
1071 2794 1199 2851 autem

106 2875 554 2973 ingeniimonumontum
566 2875 633 2949 else
648 2878 916 2961 adulterinum,
942 2877 1028 2948 satis
1045 2873 1199 2950 constat.

106 2984 189 3051 Nec
205 2976 251 3046 ad
269 2978 399 3047 locum
416 2980 517 3050 hunc
532 2980 739 3073 pertinentz
758 2986 1003 3049 Tianorum
1019 2980 1197 3051 Antioclt.

107 3075 217 3151 Libri
233 3077 522 3177 odAutolpcum
531 3105 547 3157 ,·
575 3080 946 3151 Cunnnumssllex.
962 3079 1068 3151 Libri
1085 3079 1201 3154 ὑποτυ·

107 3180 257 3263 arimm;
292 3183 504 3253 Onrcuurs
519 3181 626 3252 Libri
652 3181 697 3252 de
712 3184 917 3277 principiis,
947 3187 1198 3255 Laenium

108 3279 217 3353 Libri
232 3272 510 3377 Institutionum
525 3284 754 3369 divinarum,
781 3282 1103 3378 quemadmodum
1119 3284 1205 3357 fue·-

107 3394 222 3465 runt,
257 3382 323 3473 qui
350 3383 424 3454 hoc
447 3380 515 3454 fibi
537 3384 801 3477 persuaderent
823 3409 865 3455 ac
889 3386 961 3456 hos
983 3383 1101 3459 libros
1125 3394 1201 3460 una

110 3506 200 3555 cum
216 3482 443 3576 quibusdam
467 3483 548 3556 aliis
573 3484 716 3581 scriptis
734 3486 967 3559 catecheticis
983 3510 1203 3559 annumera-

108 3599 207 3655 rent.
262 3586 440 3679 Quamvis
466 3586 567 3658 enim
590 3586 649 3657 illi
672 3612 846 3683 germana
869 3585 1102 3685 [intingenii
1118 3614 1203 3660 mo·

109 3700 307 3767 numenta,
331 3710 413 3757 non
429 3704 556 3759 tamen
575 3686 751 3759 exhibent
767 3688 990 3784 compendia
1008 3689 1203 3764 doctrinae

79 3779 348 3961 gustuum,
385 3813 455 3861 nec
486 3789 790 3887 complectuntur
819 3788 1074 3869 institutiones
1106 3810 1201 3868 cato-

160 3903 285 3963 Cilca&

468 4104 862 4135 m
