2542 4724
99 200 181 349 sto
248 302 250 307 ·
423 258 685 353 '·cer.x.
732 250 864 358 §.ert

100 478 194 531 crus
210 452 252 527 in
266 455 414 527 Delect.
434 466 646 552 argument.
665 465 703 523 et
720 444 857 552 syllal.
877 451 1057 552 Scriptor.
1074 455 1200 533 deve·

96 563 214 633 ritate
229 559 334 657 relig.
353 546 468 652 christ.
488 562 578 651 Cap.
597 559 658 625 IV.
687 578 722 649 p.
744 556 801 625 17.

200 664 304 730 Inter
326 658 535 730 latinorum
558 653 738 727 Ecclesiae
761 660 917 731 Petrum
939 658 1094 754 scripta,
1120 686 1199 758 pro

95 755 312 834 Christianis
350 754 574 853 compuliut,
617 756 662 828 ab
690 756 848 830 interitu
880 759 918 832 se
950 758 1201 837 vindicarunt

95 861 308 959 sequentia:
587 935 590 939 .

141 951 146 959 ’
200 968 501 1034 Trnrummr
520 957 791 1058 Apologeticus
816 961 903 1034 adv.
926 961 1082 1059 Gentes,
1110 964 1200 1038 scri·

92 1082 215 1163 ptus.k
233 1082 277 1135 ut
294 1062 461 1145 videtur,
490 1059 712 1158 Carthagine
733 1061 780 1132 ud
797 1065 1071 1137 Proconsulem
1091 1066 1199 1139 Afri·

93 1192 162 1240 cae:
186 1190 229 1241 ,ao
249 1160 432 1236 Praefides
458 1162 757 1257 provinciarum,
792 1183 858 1236 aut
887 1185 931 1236 ut
955 1167 1018 1237 alii
1041 1186 1195 1260 putant,

94 1267 144 1339 ad
173 1271 351 1340 Senatum
383 1267 613 1334 Romanum.
673 1260 999 1338 Praestantillrmus
1024 1264 1074 1339 est
1097 1268 1197 1341 inter

90 1369 215 1443 libros
234 1365 468 1440 Tertulliani.
521 1369 579 1436 De
599 1383 717 1436 aetate
731 1366 810 1437 eius
832 1373 903 1438 VV.
921 1373 1006 1439 DD.
1024 1366 1196 1443 multum

53 1512 56 1519 ·
94 1465 326 1543 dillentiunt.
377 1465 566 1537 Nonnulli
591 1463 818 1550 existimant,
847 1466 1025 1563 scriptum
1055 1469 1125 1543 elle
1150 1472 1195 1555 li·

91 1570 209 1644 brum
226 1596 258 1642 a.
279 1567 384 1652 196..
413 1566 530 1659 alii2a.
550 1566 634 1638 199.
660 1566 820 1661 suntque
834 1569 965 1657 etiam,
991 1571 1057 1666 qui
1081 1572 1194 1644 illum

91 1671 265 1745 referunt
288 1669 335 1740 ad
352 1693 383 1738 a.
404 1668 479 1738 202
496 1669 556 1739 vel
574 1668 661 1752 217,
714 1670 936 1764 Alloquitur
950 1675 1096 1744 Auctor
1115 1677 1193 1746 tto·

90 1774 198 1844 mani
222 1769 369 1865 imperii
394 1764 593 1853 antistites,
618 1770 874 1842 Alexandrum
902 1775 1081 1845 Severum
1104 1799 1193 1848 cum

15 1930 17 1934 .
89 1871 175 1948 filio
192 1871 391 1945 Antonino
409 1894 466 1941 res
485 1894 657 1943 romanas
673 1867 1003 1955 administrantem.
1041 1881 1191 1947 Praeter

88 1975 393 2073 Apologeticum,
412 1994 502 2064 quo,
521 1967 609 2043 teste
622 1977 872 2044 anrtumo
890 1966 1004 2071 lustu.
1023 1976 1137 2048 divin.
1145 1982 1189 2063 V,

85 2074 124 2160 4,
135 2077 185 2162 3.,
203 2073 350 2149 oausam
360 2067 652 2144 Christianorum
672 2075 780 2168 plene
797 2076 997 2168 peroravit,
1016 2078 1089 2148 ulia
1108 2101 1190 2149 rno-

84 2164 271 2253 nuriienta
286 2169 661 2271 prochristianorum
677 2176 861 2273 religione
873 2184 1188 2277 contraPaganos

85 2280 251 2375 reliquit.
278 2283 321 2348 In
337 2272 413 2346 illis
432 2275 579 2344 suntad
587 2278 774 2347 Nationes
783 2276 892 2347 Libb.
903 2284 961 2361 tt,
980 2281 1046 2373 qui
1058 2304 1186 2352 corru-

85 2378 241 2479 ptillimi
266 2379 313 2449 ad
335 2400 408 2447 nos
434 2380 685 2468 pervenerunt
701 2377 874 2471 inprimis
892 2378 989 2449 libro
1008 2379 1184 2465 secundo,

87 2483 228 2579 quique
239 2481 359 2552 multa
377 2477 504 2547 eedem
523 2501 609 2547 omn
618 2479 868 2576 Apologetico
879 2482 1185 2575 complectuntur

83 2585 256 2679 hancque
274 2582 323 2653 ob
340 2603 417 2648 rem
430 2577 533 2648 docti
545 2578 697 2671 quidam
707 2579 881 2650 Viriillos
891 2605 960 2674 pro
972 2583 1184 2655 aliaeditio·

83 2676 1183 2780 neApologeticihnbeut;*)aliiautemutraqueoperetem·

85 2812 201 2882 quam
217 2782 355 2855 diversa
367 2774 602 2876 distinguunt
619 2798 731 2875 atque
746 2781 786 2852 in
805 2780 860 2852 his
872 2779 921 2853 est
933 2783 1010 2877 iple
1025 2790 1182 2857 thno·

18 2924 20 2929 ·
83 2910 230 2961 nimus
248 2875 414 2979 Epistola
425 2882 648 2952 LXXXIII.
665 2883 715 2952 ad
725 2883 928 2980 Magnum.
982 2887 1039 2959 Ac
1055 2882 1180 2959 lanei

84 2987 198 3060 ambo
219 2985 350 3080 scripta
366 2985 467 3054 iuter
484 2983 517 3053 se
535 2981 704 3054 conferre
719 2985 899 3067 velimus,
930 2986 999 3056 alia
1020 2988 1061 3057 in
1079 2990 1180 3085 Apo·

51 3168 54 3173 ,
83 3089 265 3187 logetiro,
298 3088 368 3157 alin
394 3085 435 3154 in
460 3084 565 3155 libris
586 3085 637 3153 ud
653 3088 836 3155 Nationes
863 3088 1087 3180 explicatius
1109 3108 1178 3161 tre·

84 3190 163 3261 dita
191 3188 429 3284 reperiemus.
482 3191 694 3280 Utrumque
722 3211 818 3280 opus
848 3187 992 3258 diverso
1021 3188 1175 3281 consilio

81 3292 337 3386 compolitmn
357 3287 437 3376 elle,
466 3288 647 3359 nonnulli
664 3287 907 3383 suspicantur,
936 3312 1057 3385 quum
1074 3295 1177 3390 Apo·

114 3504 140 3570 ⁶)
165 3499 210 3552 Ex
237 3498 379 3551 sententia
404 3496 549 3552 Daunus
574 3511 592 3548 Α
612 3495 731 3550 Gorutu
757 3496 794 3549 ad
819 3492 1001 3550 Mutuum
1021 3493 1176 3552 Lauruaet

130 3562 254 3633 ¹cltrtfil.
274 3566 511 3637 Dognrengescn.
531 3584 558 3635 p.
576 3569 618 3622 99.
653 3567 747 3629 „eine
766 3566 977 3619 uuvollendete
996 3568 1060 3618 und
1086 3568 1118 3621 in
1137 3564 1177 3619 lii·

147 3637 324 3691 okenlrrlter
338 3635 446 3689 Gellnlt
465 3635 620 3690 erhulteue
636 3634 853 3703 Verurbeitung
872 3634 920 3686 der
940 3634 1036 3704 lipolo
1059 3636 1176 3689 olicus*⁸

147 3706 217 3762 Nou
237 3705 367 3758 multum
386 3705 475 3759 nliter
493 3706 603 3757 iudicat
622 3705 651 3757 F.
663 3701 832 3758 Muurrnus
852 3705 882 3756 iu
903 3703 1023 3755 Primor
1046 3704 1083 3757 u's
1100 3702 1175 3761 Eut.

146 3774 317 3845 Africanae.
353 3775 440 3827 Halu.
460 3779 527 3831 1829
553 3778 577 3829 4.
598 3777 699 3842 p.215.
734 3775 809 3826 Aule
832 3791 920 3830 untn,
939 3774 970 3826 iu
995 3777 1052 3839 uit,
1070 3774 1175 3841 Apolo-

145 3846 278 3917 geticutu
305 3844 422 3902 ederet,
448 3843 539 3895 libros
564 3840 731 3912 composuit
756 3841 797 3894 ud
812 3792 959 3897 ll'atioues
973 3794 1175 3896 lectoribus·

169 3914 250 3976 lelio,
276 3913 451 3966 cultioribus
470 3911 634 3971 nimirum,
660 3910 832 3975 dellinntos,
858 3912 1003 3984 equibus
1020 3914 1102 3983 quali
1119 3912 1174 3965 eol-

144 3931 287 4039 leeraneis
302 3981 383 4035 brevi
405 3978 465 4050 poll
482 3998 506 4034 a.
528 3985 584 4035 199.
602 3977 689 4035 tuo.
710 3980 895 4035 retractando
916 3979 1113 4055 secundisque
1128 3999 1175 4034 cu·

145 4053 186 4108 ris
200 4050 429 4119 Apologeticum
452 4051 617 4115 composuit
639 4047 896 4123 ammittuntur
921 4048 1097 4123 legeutlutu.
1131 4048 1172 4106 fil

145 4122 181 4178 Λ.
199 4119 343 4178 Numen
361 4114 593 4192 Antignostilur
609 4136 639 4192 p.
657 4123 700 4178 58.
