2542 4724
316 354 321 361 ⁸
409 263 444 341 C
471 284 496 337 c
524 285 560 335 c.
588 263 686 341 XIV·
741 262 775 354 §-
803 260 889 383 tao
1098 263 1174 345 697

86 420 136 526 de
162 472 306 526 eorum
331 446 539 548 theologia¹
556 447 774 548 exegetica,
800 445 1037 549 dogmatica,
1058 450 1175 551 polo·

84 553 209 640 mica,
231 549 472 649 symbolica,
499 548 759 638 catechetica,
783 550 930 625 morali
956 552 1173 653 praecipue

85 674 126 727 ot
148 646 482 738 monstravim'us,
517 649 613 725 istos
637 647 798 727 testatos
824 647 974 725 effode
1000 650 1172 727 veritate

84 752 296 851 religionis
321 751 573 850 evangelicae
599 756 645 822 ad
667 748 870 849 praeclara
889 750 995 826 hanc
1015 752 1060 825 in
1082 776 1173 827 rem

84 848 285 947 reliquisse
322 848 449 925 effato.
505 844 642 954 Quu'm
670 866 806 923 tamen
835 850 905 925 vix
936 877 981 925 ac
1011 876 1064 926 ne
1098 844 1171 928 vix'

79 952 254 1053 lquidem
286 950 591 1027 existimandum
623 949 701 1040 est,
733 952 934 1026 Doctores
967 952 1050 1028 hos·
1072 954 1173 1027 anti·

87 1054 278 1151 quiorum
296 1051 615 1128 Christianorum
632 1077 717 1129 non
737 1050 832 1138 alia,
855 1050 929 1124 nisi
955 1077 1056 1151 quae
1073 1070 1173 1128 vere

85 1154 162 1229 lint
175 1150 375 1229 tradidisse
393 1169 510 1250 atque
528 1152 659 1226 omnis
677 1151 826 1225 erroris
844 1176 865 1224 e
922 1169 1027 1227 ertes
1042 1151 1173 1242 fuisse,

85 1280 198 1330 nunc
223 1254 369 1342 cleiis,
399 1254 443 1326 in
460 1253 604 1349 quibus
621 1250 716 1352 lapsi
738 1250 848 1341 sunt,
903 1276 925 1325 e
951 1251 1057 1329 fallis
1084 1254 1173 1329 sen·

78 1355 245 1445 tentiis,
280 1379 377 1452 quas
410 1380 472 1425 am
503 1353 583 1425 leri
611 1351 701 1426 sunt
732 1368 849 1451 atque
874 1352 919 1429 in
939 1349 1083 1457 scripta
1104 1354 1175 1431 sun

75 1456 391 1544 transtulerunt,
409 1453 450 1535 di
482 1451 678 1531 erendum
698 1453 785 1531 erit.
855 1460 858 1465 '

73 1696 80 1703 .
187 1630 290 1704 Male
312 1626 386 1702 fert
412 1634 701 1705 Scmveazrus
726 1631 767 1702 in
784 1632 897 1729 Apol.
922 1655 993 1729 pro
1015 1632 1054 1701 S.
1075 1629 1174 1703 Eccl.

85 1730 279 1817 PotribaS,
315 1733 421 1825 quod
436 1734 620 1817 ,Dollaeus
646 1757 787 1804 errores
813 1733 1000 1827 quosdam
1022 1738 1176 1805 Petrum

86 1833 300 1929 exscriptis
328 1859 458 1905 eorum
485 1833 697 1933 collegerit,
726 1859 885 1928 eumque
910 1835 979 1906 hac
995 1834 1039 1906 de
1058 1831 1176 1905 caussa
1230 1826 1234 1833 ’

86 1958 175 2005 eum
193 1960 258 2006 ave
279 1934 406 2005 Indica
423 1951 637 2027 comparat,
665 1958 777 2028 quam
795 1935 954 2033 Scaliger
973 1936 1081 2007 nullo
1098 1936 1173 2005 alio

83 2035 247 2131 pabulo,
275 2061 388 2130 quam
414 2035 571 2105 aliarum
591 2033 719 2105 avium
733 2030 890 2129 stercore
907 2035 1007 2106 vesci
1031 2057 1177 2108 memo·
1219 2064 1228 2085 ·

83 2152 155 2207 rat.
208 2135 267 2207 Ad
292 2141 594 2230 quaolrrrotus
616 2137 679 2206 Or.
702 2158 772 2230 pro
787 2140 845 2205 Io.
864 2136 1018 2207 Dollaei
1044 2141 1107 2207 Tr.
1131 2137 1178 2208 de

85 2230 266 2337 usuPP.=
303 2237 465 2321 „Vident
488 2235 725 2309 Scrivenerus
748 2261 815 2320 ne,
844 2236 936 2307 ‹lum
961 2261 1091 2309 omnes
1108 2244 1177 2309 Pa·

85 2354 190 2409 trum
216 2362 358 2410 errores
389 2334 600 2408 dissimulari
634 2338 758 2432 cupit,
796 2361 842 2407 ex
869 2361 1001 2408 eorum
1032 2337 1177 2434 scriptio

85 2459 160 2535 pro
176 2438 304 2533 pipere
323 2436 545 2510 nuseerdam
561 2438 720 2534 copiat.⁴‘
769 2437 889 2510 Aliter
904 2441 1177 2512 Aucusrmus

39 2598 42 2603 .
84 2544 158 2634 Ep.
175 2544 249 2610 111.
278 2541 328 2610 acl
353 2546 621 2626 For-tanatum,
657 2539 749 2610 (lum
771 2556 923 2624 monet,
952 2528 998 2634 se
1018 2542 1179 2611 Petrum

86 2664 248 2724 errores,
271 2632 377 2737 ficati
396 2634 500 2739 suat,
528 2631 688 2737 modeste
712 2653 840 2711 tamen
858 2635 1180 2740 etfatvaaonori·

73 2737 259 2843 ficaria,
296 2767 390 2838 quae
415 2734 497 2839 ipfis
522 2740 690 2827 debetur,
717 2755 753 2811 et
777 2765 978 2840 agnoscere
999 2755 1036 2812 et
1056 2765 1179 2839 repre·

86 2841 255 2917 srendere.
291 2849 411 2940 Quam
427 2840 647 2915 modestiam
663 2843 839 2938 probavit
858 2840 903 2913 de
921 2845 1181 2943 erroreS.Cp-
1217 2920 1224 2927 ⁸

83 2945 212 3039 prtani
229 2942 323 3015 eirea
343 2944 706 3038 Rebaptizationem,
732 2945 894 3039 loquens
920 2945 966 3015 de
983 2947 1181 3040 Baptismo

85 3044 172 3117 Lib.
192 3049 252 3116 VI.
272 3050 360 3141 Cap.
377 3045 412 3114 2.
432 3046 490 3116 his
506 3046 649 3118 verbist
676 3049 762 3148 Qua
778 3058 933 3140 propter
945 3046 1101 3117 reddam
1118 3047 1182 3117 de-

88 3143 209 3217 bitam
233 3149 495 3230 reverentiam,
523 3147 562 3217 di
617 3173 656 3217 ur
706 3171 751 3217 ue
774 3146 970 3231 horrorem,
998 3161 1183 3241 quantum

86 3246 217 3331 valeo,
243 3242 448 3344 persolvens
464 3170 623 3344 pacisci>
652 3338 657 3343 Ι
729 3270 824 3341 copo
840 3261 877 3318 et
890 3242 1052 3346 glorioso
1070 3249 1182 3320 Mar·

87 3362 106 3419 t
135 3350 403 3447 riGypriano;
429 3349 651 3418 arideorum
714 3348 852 3434 dicere,
879 3349 1087 3423 carnaliter
1119 3376 1181 3422 en·

76 3369 166 3548 ssffe
183 3449 228 3518 cle
245 3449 493 3520 Sclzisraatieis
506 3446 777 3519 veillaereticis
794 3447 1037 3543 baptizandis,
1066 3478 1182 3547 quam

85 3538 216 3647 postea
240 3555 377 3621 veritas
389 3551 595 3644 prodidit?
619 3539 732 3645 Epist.
753 3569 879 3622 autem
898 3551 957 3624 82.
980 3552 1031 3623 ad
1047 3556 1182 3624 Hiero-

85 3671 246 3745 nymum
273 3652 364 3723 haec
394 3650 540 3722 scribit:
589 3654 678 3724 Non
706 3666 742 3721 te
767 3648 949 3737 arbitror,
1000 3654 1074 3750 legi
1098 3666 1183 3727 tuos

89 3749 200 3821 libros
221 3753 314 3822 velle
340 3766 534 3845 tamquam
556 3750 831 3847 Prophetarum
848 3766 885 3823 et
899 3741 1182 3851 Apostolorum,

85 3852 137 3943 ¹cle
162 3876 318 3947 quorum
339 3847 502 3952 scriptis,
529 3854 629 3947 quoti
654 3855 756 3923 omni
779 3877 901 3926 errore
916 3868 1089 3940 careant,
1116 3856 1183 3929 du·

88 3951 211 4023 bitare
231 3952 418 4051 nefarium
443 3944 517 4046 esu
543 3944 635 4049 obfit
664 3951 734 4024 boc
758 3979 782 4026 a
803 3958 870 4053 pia
893 3953 1118 4047 hureritttatc,
1145 3970 1184 4034 et

86 4055 214 4133 veraci
232 4055 277 4131 de
296 4047 484 4155 temetipso
504 4055 744 4157 cogitatione.
1258 4060 1264 4081 '
