2542 4724
38 302 44 319 '
117 283 194 364 614
403 276 483 383 [0
509 299 536 351 A
563 302 600 353 ι’.
636 283 684 353 X.
737 272 898 373 §.1050⁴
937 356 943 363 ,

122 454 183 547 ab
207 471 430 553 Galatas,
460 480 506 541 et
532 412 858 565 adlEphesios,
887 467 933 535 in
961 462 1133 560 quibus
1158 481 1219 539 to·

122 580 199 646 tue
225 573 560 665 iu‘eertauzine
592 562 775 668 positas
799 557 873 662 est,
909 581 951 637 et
975 566 1220 655 videbitis,

123 700 222 747 euru
256 677 300 742 iu
334 663 635 768 testimoniis,
671 658 969 764 quaesentit
996 669 1049 738 de
1080 672 1132 743 V.
1164 673 1220 754 T,

100 786 262 870 ‘quam
285 770 492 870 artifex,
529 794 669 865 quarn
694 768 904 863 prudeus
927 763 989 863 [it
1012 762 1222 868 dissimu-

68 912 72 919 ·
123 876 256 947 lator
281 879 398 960 eius,
434 873 555 970 quod
581 873 766 969 agit-
793 868 959 940 iraeret
984 873 1034 940 iu
1064 864 1221 973 causa,

124 980 430 1072 capitaneae,
467 973 592 1069 quod
627 975 719 1042 teti
763 974 878 1061 erit,·
915 984 1106 1070 tergum
1130 995 1222 1045 uer·

16 1074 22 1093 '
54 1074 61 1083 ’
121 1083 198 1163 tit,
227 995 921 1177 utsuperet,fugamsimulot,
948 1074 1221 1157 utoceidat.

123 1177 271 1252 Modus
295 1205 337 1249 ac
360 1177 457 1248 ratio
482 1194 599 1248 artem
616 1174 844 1269 polemicam
862 1174 1036 1265 adversus
1055 1177 1224 1247 Haereti-

127 1304 191 1353 cos
209 1280 420 1363 exercendi,
449 1281 599 1375 qualem
618 1275 682 1346 hio
703 1275 750 1345 ad
767 1276 997 1367 Hieronymi
1015 1276 1223 1377 imaginem

77 1414 81 1425 ·
123 1380 353 1475 descriptum
369 1381 545 1477 legimus,
563 1375 688 1448 finon
706 1378 898 1461 omnibus,
916 1377 1091 1473 pluribus
1107 1396 1221 1467 certo,

122 1478 248 1553 'linoh
267 1482 447 1564 omniuo,
473 1503 543 1576 pro
561 1497 668 1574 parte
686 1494 784 1551 certe
801 1494 838 1549 et
857 1478 938 1551 aliis
955 1476 1143 1550 Ecclefiae
1158 1484 1221 1551 I’a·

125 1582 248 1653 tribus
265 1581 340 1652 suit
357 1582 582 1652 communis.
618 1612 621 1618 ·
734 1610 738 1619 ·

228 1689 272 1752 ln
298 1678 424 1752 caullis
451 1701 576 1779 autem
599 1706 829 1766 naevorum,
856 1682 1011 1777 quasin
1034 1681 1223 1779 disputan·

123 1784 229 1855 tibus
256 1783 429 1873 adversus
450 1783 667 1857 Haereticos
692 1783 864 1857 Patribus
891 1780 1140 1873 ecelesiasticis
1166 1786 1225 1858 de·

122 1883 413 1981 prehendimus,
439 1888 570 1958 locum
588 1886 748 1958 habente
841 1965 844 1969 ,

228 1987 448 2083 Ignorantia
477 1989 696 2087 linguarum
721 1987 962 2058 orientalium
971 2012 984 2071 ς
1017 1988 1108 2061 artis
1131 1988 1224 2061 bene

121 2086 324 2185 ‘cogitandi
339 2106 513 2185 recteque
526 2109 638 2186 atque
656 2106 825 2163 accurate
840 2088 1115 2174 ratiocinandi3
1142 2090 1224 2161 alia-

126 2208 216 2259 rum
231 2214 377 2276 rerum,
406 2193 541 2286 quibus
560 2212 604 2262 ut
618 2190 799 2286 interpres
822 2189 971 2262 Codicis
989 2189 1081 2261 sacri
1095 2188 1223 2264 instro·

130 2307 211 2361 ctus
225 2287 279 2376 lit,
304 2291 443 2364 necelle
460 2290 521 2367 est.
576 2293 636 2364 Ad
654 2290 789 2365 cotillas
806 2293 873 2363 has
884 2289 1113 2363 accedebant
1127 2292 1222 2365 aliae

71 2414 74 2419 ·
130 2394 323 2490 Dogmata
339 2394 534 2492 religionis
547 2391 781 2477 Christianae,
809 2417 878 2487 pro
897 2391 1038 2488 quib'us
1056 2419 1225 2493 pugnan-

130 2490 224 2564 dum
251 2512 349 2585 prat,
384 2501 510 2567 Patres
542 2497 676 2566 hinec
706 2492 874 2566 distincte
901 2513 1015 2590 atque
1031 2496 1223 2589 ‘ordinate

16 2690 19 2695 Ι
128 2618 199 2664 nec
216 2614 386 2668 accurate
409 2596 551 2691 semper
567 2596 803 2667 tradiderunt
810 2622 823 2681 3
849 2598 948 2692 plus,
976 2620 1094 2689 quam
1113 2598 1223 2680 decet,

130 2685 275 2766 imitati
293 2696 380 2768 lunt
405 2716 593 2784 oratores,
623 2694 788 2769 debitam
809 2697 1120 2773 moderationem
1134 2722 1225 2773 non·

126 2820 338 2892 numquam
363 2801 620 2900 negleirerunt.
844 2866 847 2873 .
1187 2858 1192 2865 -

235 2901 414 2994 Inprimis
440 2901 739 2977 ,memorandum
771 2897 841 2986 est,
868 2898 976 2974 fuill'e
1003 2901 1111 2975 inter
1140 2902 1226 2977 anti·

130 2999 282 3094 quiores
300 3000 479 3074 Ecclesiae
494 3008 701 3086 Doctores,
724 3003 790 3097 qui
806 3028 950 3073 novam
966 3004 1161 3077 rationem
1177 3004 1224 3075 tli-

128 3102 305 3197 sputondi
324 3128 367 3174 ac
408 3130 501 3174 uum
522 3100 794 3178 coutroversiae
809 3122 918 3175 natae
937 3103 1072 3190 allent,
1100 3124 1223 3179 contra

130 3203 360 3276 adversarios
382 3128 542 3276 ieliciter
560 3204 778 3304 pugnandi,
805 3204 984 3276 inveniss'e
997 3204 1068 3276 fibi
1085 3208 1224 3303 persua·

120 3304 262 3375 'derent
291 3330 448 3402 eamque
471 3306 700 3378 adhiberent.
761 3305 957 3402 Spectabat
985 3306 1054 3378 illa
1084 3309 1135 3381 ad
1157 3332 1223 3381 me·

129 3405 314 3492 thodum,
349 3404 517 3481 hostibus
550 3403 876 3509 praeferiptionem
907 3432 951 3480 ac
987 3409 1223 3483 traditionem

130 3507 355 3603 opponendi
373 3533 414 3581 ac
430 3536 497 3604 per
513 3530 712 3606 utramque
731 3509 918 3607 dogmatis
931 3510 1139 3585 veritatem
1146 3532 1221 3609 pro·

128 3606 256 3681 bandi.
311 3615 487 3705 Haecque
503 3609 552 3683 est
568 3611 791 3695 methodus,
820 3636 913 3705 quae
935 3607 1064 3707 postea
1082 3612 1219 3685 Praesu-

129 3709 177 3780 lis
195 3715 307 3781 llom.
334 3709 610 3784 affectatoribus
634 3714 802 3784 multum
823 3714 859 3782 l'e
875 3714 1218 3797 corrrmendavit,¹

129 3811 338 3883 lutheranis
355 3831 483 3885 autem
503 3832 616 3911 atque
632 3813 877 3887 areformatis
889 3814 1104 3914 Theologis
1123 3816 1217 3887 docte

132 3913 314 4007 firmeque
331 3912 527 3987 confutata
545 3914 607 3990 est.

231 4020 444 4100 Intereos,
471 4016 538 4112 qui
566 4019 611 4090 de
633 4044 736 4093 nova
764 4038 896 4090 contra
914 4020 1140 4092 Haereticos
1158 4010 1214 4087 dil·

127 4115 290 4213 putandi
313 4115 461 4190 ratione
485 4119 721 4217 cogitarunt,
755 4121 887 4195 locum
915 4118 984 4195 libi
1009 4118 1105 4194 fecit
1125 4126 1213 4193 Tra·
