<?xml version="1.0" encoding="UTF-8"?>
<!DOCTYPE html PUBLIC "-//W3C//DTD XHTML 1.0 Transitional//EN"
    "http://www.w3.org/TR/xhtml1/DTD/xhtml1-transitional.dtd">
<html xmlns="http://www.w3.org/1999/xhtml" xml:lang="en" lang="en">
 <head>
  <title>
</title>
<meta http-equiv="Content-Type" content="text/html;charset=utf-8" />
  <meta name='ocr-system' content='tesseract 3.04.00' />
  <meta name='ocr-capabilities' content='ocr_page ocr_carea ocr_par ocr_line ocrx_word'/>
</head>
<body>
  <div class='ocr_page' id='page_1' title='image "./iogeorgiiwalchi05walcgoog/iogeorgiiwalchi05walcgoog_0722.png"; bbox 0 0 2542 4724; ppageno 0'>
   <div class='ocr_carea' id='block_1_1' title="bbox 138 250 1013 349">
    <p class='ocr_par' dir='ltr' id='par_1_1' title="bbox 138 250 1013 349">
     <span class='ocr_line' id='line_1_1' title="bbox 138 250 1013 349; baseline -0.022 0"><span class='ocrx_word' id='word_1_1' title='bbox 138 264 217 349; x_wconf 72' lang='lat'>714</span> <span class='ocrx_word' id='word_1_2' title='bbox 456 264 536 337; x_wconf 76' lang='lat' dir='ltr'>Os</span> <span class='ocrx_word' id='word_1_3' title='bbox 564 280 601 331; x_wconf 76' lang='lat' dir='ltr'>a.</span> <span class='ocrx_word' id='word_1_4' title='bbox 636 258 744 333; x_wconf 77' lang='lat' dir='ltr'>XIV.&#39;</span> <span class='ocrx_word' id='word_1_5' title='bbox 789 253 825 343; x_wconf 75' lang='lat'>§-</span> <span class='ocrx_word' id='word_1_6' title='bbox 854 252 939 331; x_wconf 80' lang='grc'><strong>134.</strong></span> <span class='ocrx_word' id='word_1_7' title='bbox 1006 250 1013 257; x_wconf 78' lang='grc'><strong>’</strong></span> 
     </span>
    </p>
   </div>
   <div class='ocr_carea' id='block_1_2' title="bbox 37 441 1239 955">
    <p class='ocr_par' dir='ltr' id='par_1_2' title="bbox 37 441 1239 955">
     <span class='ocr_line' id='line_1_2' title="bbox 137 441 1239 547; baseline -0.012 -15"><span class='ocrx_word' id='word_1_8' title='bbox 137 450 311 533; x_wconf 74' lang='lat' dir='ltr'>duillius</span> <span class='ocrx_word' id='word_1_9' title='bbox 336 442 571 523; x_wconf 79' lang='lat' dir='ltr'><strong>orthodoxia</strong></span> <span class='ocrx_word' id='word_1_10' title='bbox 593 444 714 519; x_wconf 87' lang='lat' dir='ltr'>multa</span> <span class='ocrx_word' id='word_1_11' title='bbox 733 441 820 515; x_wconf 89' lang='lat' dir='ltr'>sunt</span> <span class='ocrx_word' id='word_1_12' title='bbox 837 441 1035 539; x_wconf 82' lang='lat' dir='ltr'>disputata.</span> <span class='ocrx_word' id='word_1_13' title='bbox 1089 448 1239 547; x_wconf 77' lang='lat' dir='ltr'>Pugna·</span> 
     </span>
     <span class='ocr_line' id='line_1_3' title="bbox 37 536 1237 642; baseline -0.007 -14"><span class='ocrx_word' id='word_1_14' title='bbox 37 550 40 555; x_wconf 43' lang='lat'>¹</span> <span class='ocrx_word' id='word_1_15' title='bbox 135 572 230 633; x_wconf 85' lang='lat' dir='ltr'>runt</span> <span class='ocrx_word' id='word_1_16' title='bbox 262 566 393 623; x_wconf 87' lang='lat' dir='ltr'>contra</span> <span class='ocrx_word' id='word_1_17' title='bbox 414 544 524 619; x_wconf 91' lang='lat' dir='ltr'>istum</span> <span class='ocrx_word' id='word_1_18' title='bbox 550 536 764 642; x_wconf 76' lang='lat' dir='ltr'>Eustatlsius</span> <span class='ocrx_word' id='word_1_19' title='bbox 789 544 985 629; x_wconf 67' lang='lat' dir='ltr'>Antioclr„</span> <span class='ocrx_word' id='word_1_20' title='bbox 1016 544 1237 621; x_wconf 73' lang='lat' dir='ltr'>l&#39;lreodorus</span> 
     </span>
     <span class='ocr_line' id='line_1_4' title="bbox 136 644 1236 753; baseline 0.004 -33"><span class='ocrx_word' id='word_1_21' title='bbox 136 644 350 753; x_wconf 72' lang='lat' dir='ltr'>Mopsuest,</span> <span class='ocrx_word' id='word_1_22' title='bbox 374 650 618 745; x_wconf 82' lang='lat' dir='ltr'>Apollinaris,</span> <span class='ocrx_word' id='word_1_23' title='bbox 649 650 899 745; x_wconf 71' lang='lat' dir='ltr'><em>Hieronymus</em></span> <span class='ocrx_word' id='word_1_24' title='bbox 915 671 958 718; x_wconf 83' lang='lat' dir='ltr'>ac</span> <span class='ocrx_word' id='word_1_25' title='bbox 973 667 1129 742; x_wconf 86' lang='lat' dir='ltr'>praeter</span> <span class='ocrx_word' id='word_1_26' title='bbox 1146 646 1236 725; x_wconf 80' lang='lat' dir='ltr'>alios</span> 
     </span>
     <span class='ocr_line' id='line_1_5' title="bbox 137 747 1235 859; baseline -0.002 -32"><span class='ocrx_word' id='word_1_27' title='bbox 137 755 337 859; x_wconf 80' lang='lat' dir='ltr'><strong>praecipue</strong></span> <span class='ocrx_word' id='word_1_28' title='bbox 363 749 606 847; x_wconf 74' lang='lat' dir='ltr'><strong><em>Epiphanius,</em></strong></span> <span class='ocrx_word' id='word_1_29' title='bbox 633 749 699 844; x_wconf 93' lang='lat' dir='ltr'>qui</span> <span class='ocrx_word' id='word_1_30' title='bbox 722 747 873 843; x_wconf 86' lang='lat' dir='ltr'>quantis</span> <span class='ocrx_word' id='word_1_31' title='bbox 896 750 1063 821; x_wconf 83' lang='lat' dir='ltr'>maxime</span> <span class='ocrx_word' id='word_1_32' title='bbox 1094 752 1235 825; x_wconf 82' lang='lat' dir='ltr'>viribus</span> 
     </span>
     <span class='ocr_line' id='line_1_6' title="bbox 138 846 1235 955; baseline -0.004 -27"><span class='ocrx_word' id='word_1_33' title='bbox 138 873 300 955; x_wconf 85' lang='lat' dir='ltr'>poterat,</span> <span class='ocrx_word' id='word_1_34' title='bbox 312 854 576 951; x_wconf 88' lang='lat' dir='ltr'>Origenianam</span> <span class='ocrx_word' id='word_1_35' title='bbox 587 848 749 923; x_wconf 76' lang='lat' dir='ltr'>haeresin</span> <span class='ocrx_word' id='word_1_36' title='bbox 759 850 1061 948; x_wconf 81' lang='lat' dir='ltr'>impugnandam</span> <span class='ocrx_word' id='word_1_37' title='bbox 1077 846 1235 949; x_wconf 84' lang='lat' dir='ltr'>suscepit</span> 
     </span>
    </p>
   </div>
   <div class='ocr_carea' id='block_1_3' title="bbox 136 951 1233 1554">
    <p class='ocr_par' dir='ltr' id='par_1_3' title="bbox 136 951 1233 1554">
     <span class='ocr_line' id='line_1_7' title="bbox 138 951 1233 1050; baseline -0.002 -22"><span class='ocrx_word' id='word_1_38' title='bbox 138 958 361 1050; x_wconf 84' lang='lat' dir='ltr'>summaque</span> <span class='ocrx_word' id='word_1_39' title='bbox 384 954 630 1027; x_wconf 87' lang='lat' dir='ltr'>contentione</span> <span class='ocrx_word' id='word_1_40' title='bbox 648 952 743 1023; x_wconf 89' lang='lat' dir='ltr'>hanc</span> <span class='ocrx_word' id='word_1_41' title='bbox 758 977 838 1025; x_wconf 89' lang='lat' dir='ltr'>rem</span> <span class='ocrx_word' id='word_1_42' title='bbox 859 951 1032 1027; x_wconf 88' lang='lat' dir='ltr'>adversus</span> <span class='ocrx_word' id='word_1_43' title='bbox 1049 958 1233 1025; x_wconf 85' lang='lat' dir='ltr'>Ioannem</span> 
     </span>
     <span class='ocr_line' id='line_1_8' title="bbox 136 1044 1231 1155; baseline -0.001 -27"><span class='ocrx_word' id='word_1_44' title='bbox 136 1056 531 1149; x_wconf 88' lang='lat' dir='ltr'>Hierosolymitauum</span> <span class='ocrx_word' id='word_1_45' title='bbox 548 1054 732 1130; x_wconf 84' lang='lat' dir='ltr'>tractavit.</span> <span class='ocrx_word' id='word_1_46' title='bbox 785 1044 1036 1151; x_wconf 78' lang='lat' dir='ltr'>Defensorurn</span> <span class='ocrx_word' id='word_1_47' title='bbox 1046 1055 1231 1155; x_wconf 84' lang='lat' dir='ltr'>Origenis,</span> 
     </span>
     <span class='ocr_line' id='line_1_9' title="bbox 137 1146 1229 1259; baseline -0.001 -31"><span class='ocrx_word' id='word_1_48' title='bbox 137 1158 206 1255; x_wconf 87' lang='lat' dir='ltr'>qui</span> <span class='ocrx_word' id='word_1_49' title='bbox 231 1146 459 1259; x_wconf 77' lang='lat' dir='ltr'>Origenistae</span> <span class='ocrx_word' id='word_1_50' title='bbox 485 1156 662 1251; x_wconf 86' lang='lat' dir='ltr'>appellati</span> <span class='ocrx_word' id='word_1_51' title='bbox 685 1154 783 1237; x_wconf 91' lang='lat' dir='ltr'>sunt,</span> <span class='ocrx_word' id='word_1_52' title='bbox 810 1154 887 1227; x_wconf 89' lang='lat' dir='ltr'>duo</span> <span class='ocrx_word' id='word_1_53' title='bbox 907 1178 1043 1252; x_wconf 84' lang='lat' dir='ltr'>genera</span> <span class='ocrx_word' id='word_1_54' title='bbox 1062 1152 1229 1229; x_wconf 83' lang='lat' dir='ltr'>fuerunt.</span> 
     </span>
     <span class='ocr_line' id='line_1_10' title="bbox 139 1254 1231 1353; baseline 0 -24"><span class='ocrx_word' id='word_1_55' title='bbox 139 1260 219 1337; x_wconf 79' lang='lat' dir='ltr'>Alii</span> <span class='ocrx_word' id='word_1_56' title='bbox 241 1271 347 1330; x_wconf 86' lang='lat' dir='ltr'>erant</span> <span class='ocrx_word' id='word_1_57' title='bbox 371 1256 583 1343; x_wconf 68' lang='lat' dir='ltr'>orthodoxi,</span> <span class='ocrx_word' id='word_1_58' title='bbox 610 1257 676 1351; x_wconf 92' lang='lat' dir='ltr'>qui</span> <span class='ocrx_word' id='word_1_59' title='bbox 699 1273 823 1351; x_wconf 88' lang='lat' dir='ltr'>partes</span> <span class='ocrx_word' id='word_1_60' title='bbox 842 1254 1013 1353; x_wconf 83' lang='lat' dir='ltr'>Origeuis</span> <span class='ocrx_word' id='word_1_61' title='bbox 1029 1258 1231 1331; x_wconf 83' lang='lat' dir='ltr'>tuebantur</span> 
     </span>
     <span class='ocr_line' id='line_1_11' title="bbox 140 1354 1228 1443; baseline -0.003 -8"><span class='ocrx_word' id='word_1_62' title='bbox 140 1384 184 1435; x_wconf 83' lang='lat' dir='ltr'>ao</span> <span class='ocrx_word' id='word_1_63' title='bbox 207 1359 340 1431; x_wconf 87' lang='lat' dir='ltr'>merita</span> <span class='ocrx_word' id='word_1_64' title='bbox 364 1358 442 1429; x_wconf 88' lang='lat' dir='ltr'>eius</span> <span class='ocrx_word' id='word_1_65' title='bbox 457 1359 499 1429; x_wconf 89' lang='lat' dir='ltr'>in</span> <span class='ocrx_word' id='word_1_66' title='bbox 523 1382 603 1429; x_wconf 89' lang='lat' dir='ltr'>rem</span> <span class='ocrx_word' id='word_1_67' title='bbox 622 1354 854 1433; x_wconf 79' lang='lat' dir='ltr'>christianam</span> <span class='ocrx_word' id='word_1_68' title='bbox 871 1355 1094 1443; x_wconf 82' lang='lat' dir='ltr'>laudabant,</span> <span class='ocrx_word' id='word_1_69' title='bbox 1112 1359 1166 1431; x_wconf 86' lang='lat' dir='ltr'>ita</span> <span class='ocrx_word' id='word_1_70' title='bbox 1181 1376 1228 1431; x_wconf 81' lang='lat' dir='ltr'>tr·</span> 
     </span>
     <span class='ocr_line' id='line_1_12' title="bbox 137 1457 1228 1554; baseline -0.005 -17"><span class='ocrx_word' id='word_1_71' title='bbox 137 1486 247 1545; x_wconf 87' lang='lat' dir='ltr'>men,</span> <span class='ocrx_word' id='word_1_72' title='bbox 272 1477 316 1531; x_wconf 91' lang='lat' dir='ltr'>ut</span> <span class='ocrx_word' id='word_1_73' title='bbox 336 1483 484 1531; x_wconf 67' lang='lat' dir='ltr'>‘errores</span> <span class='ocrx_word' id='word_1_74' title='bbox 502 1459 581 1533; x_wconf 87' lang='lat' dir='ltr'>eius</span> <span class='ocrx_word' id='word_1_75' title='bbox 597 1458 697 1530; x_wconf 89' lang='lat' dir='ltr'>haud</span> <span class='ocrx_word' id='word_1_76' title='bbox 714 1457 933 1554; x_wconf 81' lang='lat' dir='ltr'>probarent,</span> <span class='ocrx_word' id='word_1_77' title='bbox 960 1459 1093 1531; x_wconf 89' lang='lat' dir='ltr'>multo</span> <span class='ocrx_word' id='word_1_78' title='bbox 1109 1462 1228 1533; x_wconf 87' lang='lat' dir='ltr'>minus</span> 
     </span>
    </p>
   </div>
   <div class='ocr_carea' id='block_1_4' title="bbox 29 1557 1226 1654">
    <p class='ocr_par' dir='ltr' id='par_1_4' title="bbox 29 1557 1226 1654">
     <span class='ocr_line' id='line_1_13' title="bbox 29 1557 1226 1654; baseline 0.003 -24"><span class='ocrx_word' id='word_1_79' title='bbox 29 1622 34 1630; x_wconf 93' lang='lat'><em>.</em></span> <span class='ocrx_word' id='word_1_80' title='bbox 141 1560 403 1644; x_wconf 82' lang='lat' dir='ltr'>defenderent3</span> <span class='ocrx_word' id='word_1_81' title='bbox 438 1560 500 1633; x_wconf 89' lang='lat' dir='ltr'>sed</span> <span class='ocrx_word' id='word_1_82' title='bbox 529 1586 624 1654; x_wconf 91' lang='lat' dir='ltr'>quae</span> <span class='ocrx_word' id='word_1_83' title='bbox 647 1560 776 1654; x_wconf 90' lang='lat' dir='ltr'>inepte</span> <span class='ocrx_word' id='word_1_84' title='bbox 800 1559 846 1628; x_wconf 84' lang='lat' dir='ltr'>ab</span> <span class='ocrx_word' id='word_1_85' title='bbox 872 1582 916 1630; x_wconf 91' lang='lat' dir='ltr'>eo</span> <span class='ocrx_word' id='word_1_86' title='bbox 941 1557 1041 1633; x_wconf 87' lang='lat' dir='ltr'>dicta</span> <span class='ocrx_word' id='word_1_87' title='bbox 1069 1560 1226 1647; x_wconf 83' lang='lat' dir='ltr'>fuerant,</span> 
     </span>
    </p>
   </div>
   <div class='ocr_carea' id='block_1_5' title="bbox 25 1660 1225 4097">
    <p class='ocr_par' dir='ltr' id='par_1_5' title="bbox 25 1660 1225 2793">
     <span class='ocr_line' id='line_1_14' title="bbox 136 1660 1225 1759; baseline -0.004 -20"><span class='ocrx_word' id='word_1_88' title='bbox 136 1660 300 1759; x_wconf 83' lang='lat' dir='ltr'>benigne</span> <span class='ocrx_word' id='word_1_89' title='bbox 315 1661 551 1757; x_wconf 87' lang='lat' dir='ltr'>interpretari</span> <span class='ocrx_word' id='word_1_90' title='bbox 566 1663 734 1747; x_wconf 86' lang='lat' dir='ltr'>mallent,</span> <span class='ocrx_word' id='word_1_91' title='bbox 748 1661 926 1759; x_wconf 86' lang='lat' dir='ltr'>qualema</span> <span class='ocrx_word' id='word_1_92' title='bbox 954 1660 1046 1735; x_wconf 89' lang='lat' dir='ltr'>endi</span> <span class='ocrx_word' id='word_1_93' title='bbox 1057 1664 1225 1747; x_wconf 88' lang='lat' dir='ltr'>modum,</span> 
     </span>
     <span class='ocr_line' id='line_1_15' title="bbox 136 1684 1224 1863; baseline 0.001 -30"><span class='ocrx_word' id='word_1_94' title='bbox 136 1782 284 1861; x_wconf 84' lang='lat' dir='ltr'>praeter</span> <span class='ocrx_word' id='word_1_95' title='bbox 322 1762 435 1847; x_wconf 89' lang='lat' dir='ltr'>alios,</span> <span class='ocrx_word' id='word_1_96' title='bbox 475 1762 622 1859; x_wconf 91' lang='lat' dir='ltr'>sequuti</span> <span class='ocrx_word' id='word_1_97' title='bbox 652 1762 739 1835; x_wconf 81' lang='lat' dir='ltr'>srsnt</span> <span class='ocrx_word' id='word_1_98' title='bbox 767 1684 1018 1863; x_wconf 54' lang='lat' dir='ltr'>Athanalus,</span> <span class='ocrx_word' id='word_1_99' title='bbox 1059 1756 1224 1861; x_wconf 80' lang='lat' dir='ltr'>Bafilius,</span> 
     </span>
     <span class='ocr_line' id='line_1_16' title="bbox 139 1854 1222 1965; baseline 0.005 -32"><span class='ocrx_word' id='word_1_100' title='bbox 139 1865 343 1963; x_wconf 78' lang='lat' dir='ltr'>Gregorius</span> <span class='ocrx_word' id='word_1_101' title='bbox 357 1866 554 1949; x_wconf 66' lang='lat' dir='ltr'>Nazianz,</span> <span class='ocrx_word' id='word_1_102' title='bbox 566 1866 745 1949; x_wconf 78' lang='lat' dir='ltr'>Hilarius,</span> <span class='ocrx_word' id='word_1_103' title='bbox 759 1867 919 1939; x_wconf 81' lang='lat' dir='ltr'>Ioannes</span> <span class='ocrx_word' id='word_1_104' title='bbox 935 1854 1222 1965; x_wconf 71' lang='lat' dir='ltr'>chrysostomus.</span> 
     </span>
     <span class='ocr_line' id='line_1_17' title="bbox 134 1954 1223 2060; baseline -0.004 -19"><span class='ocrx_word' id='word_1_105' title='bbox 134 1964 214 2041; x_wconf 80' lang='lat' dir='ltr'>Alii</span> <span class='ocrx_word' id='word_1_106' title='bbox 236 1954 635 2050; x_wconf 77' lang='lat' dir='ltr'>fueruntlreterodoaei,</span> <span class='ocrx_word' id='word_1_107' title='bbox 663 1966 729 2060; x_wconf 89' lang='lat' dir='ltr'>qui</span> <span class='ocrx_word' id='word_1_108' title='bbox 746 1989 864 2060; x_wconf 88' lang='lat' dir='ltr'>quum</span> <span class='ocrx_word' id='word_1_109' title='bbox 882 1965 1003 2041; x_wconf 90' lang='lat' dir='ltr'>nimio</span> <span class='ocrx_word' id='word_1_110' title='bbox 1022 1968 1135 2039; x_wconf 87' lang='lat' dir='ltr'>cultu</span> <span class='ocrx_word' id='word_1_111' title='bbox 1152 1966 1223 2041; x_wconf 89' lang='lat' dir='ltr'>Ori·</span> 
     </span>
     <span class='ocr_line' id='line_1_18' title="bbox 136 2066 1222 2167; baseline 0.004 -30"><span class='ocrx_word' id='word_1_112' title='bbox 136 2090 273 2167; x_wconf 84' lang='lat' dir='ltr'>genem</span> <span class='ocrx_word' id='word_1_113' title='bbox 305 2067 636 2165; x_wconf 86' lang='lat' dir='ltr'>prosequerentur,</span> <span class='ocrx_word' id='word_1_114' title='bbox 677 2084 756 2141; x_wconf 88' lang='lat' dir='ltr'>tam</span> <span class='ocrx_word' id='word_1_115' title='bbox 789 2066 922 2141; x_wconf 86' lang='lat' dir='ltr'>acriter</span> <span class='ocrx_word' id='word_1_116' title='bbox 952 2066 1119 2141; x_wconf 82' lang='lat' dir='ltr'>caussam</span> <span class='ocrx_word' id='word_1_117' title='bbox 1152 2070 1222 2141; x_wconf 85' lang='lat' dir='ltr'>eius</span> 
     </span>
     <span class='ocr_line' id='line_1_19' title="bbox 134 2168 1222 2265; baseline 0.003 -25"><span class='ocrx_word' id='word_1_118' title='bbox 134 2184 306 2265; x_wconf 84' lang='lat' dir='ltr'>egerunt,</span> <span class='ocrx_word' id='word_1_119' title='bbox 335 2186 379 2243; x_wconf 84' lang='lat' dir='ltr'>ut</span> <span class='ocrx_word' id='word_1_120' title='bbox 404 2194 486 2241; x_wconf 91' lang='lat' dir='ltr'>non</span> <span class='ocrx_word' id='word_1_121' title='bbox 511 2168 634 2243; x_wconf 84' lang='lat' dir='ltr'>solum</span> <span class='ocrx_word' id='word_1_122' title='bbox 658 2193 753 2263; x_wconf 87' lang='lat' dir='ltr'>quae</span> <span class='ocrx_word' id='word_1_123' title='bbox 774 2184 893 2254; x_wconf 83' lang='lat' dir='ltr'>recta,</span> <span class='ocrx_word' id='word_1_124' title='bbox 920 2168 983 2243; x_wconf 85' lang='lat' dir='ltr'>sed</span> <span class='ocrx_word' id='word_1_125' title='bbox 1005 2170 1124 2245; x_wconf 85' lang='lat' dir='ltr'>etiem</span> <span class='ocrx_word' id='word_1_126' title='bbox 1140 2168 1222 2243; x_wconf 79' lang='lat' dir='ltr'>fella</span> 
     </span>
     <span class='ocr_line' id='line_1_20' title="bbox 134 2264 1222 2371; baseline 0 -28"><span class='ocrx_word' id='word_1_127' title='bbox 134 2270 182 2343; x_wconf 79' lang='lat' dir='ltr'>ab</span> <span class='ocrx_word' id='word_1_128' title='bbox 192 2264 260 2341; x_wconf 93' lang='lat' dir='ltr'>isto</span> <span class='ocrx_word' id='word_1_129' title='bbox 276 2269 412 2345; x_wconf 87' lang='lat' dir='ltr'>tradita</span> <span class='ocrx_word' id='word_1_130' title='bbox 425 2288 540 2355; x_wconf 85' lang='lat' dir='ltr'>erant,</span> <span class='ocrx_word' id='word_1_131' title='bbox 556 2268 809 2347; x_wconf 80' lang='lat' dir='ltr'>defenderent.</span> <span class='ocrx_word' id='word_1_132' title='bbox 860 2274 916 2341; x_wconf 84' lang='lat' dir='ltr'>Its</span> <span class='ocrx_word' id='word_1_133' title='bbox 926 2272 1222 2371; x_wconf 56' lang='lat' dir='ltr'>{opugnabant</span> 
     </span>
     <span class='ocr_line' id='line_1_21' title="bbox 134 2368 1221 2455; baseline -0.001 -9"><span class='ocrx_word' id='word_1_134' title='bbox 134 2395 224 2446; x_wconf 82' lang='lat' dir='ltr'>cum</span> <span class='ocrx_word' id='word_1_135' title='bbox 248 2370 405 2455; x_wconf 63' lang='lat' dir='ltr'>Arianis</span> <span class='ocrx_word' id='word_1_136' title='bbox 420 2371 491 2443; x_wconf 87' lang='lat' dir='ltr'>hac</span> <span class='ocrx_word' id='word_1_137' title='bbox 515 2389 640 2445; x_wconf 86' lang='lat' dir='ltr'>autem</span> <span class='ocrx_word' id='word_1_138' title='bbox 668 2370 716 2442; x_wconf 85' lang='lat' dir='ltr'>de</span> <span class='ocrx_word' id='word_1_139' title='bbox 739 2368 1221 2447; x_wconf 76' lang='lat' dir='ltr'>caullaPzr.Da1s.Hus·</span> 
     </span>
     <span class='ocr_line' id='line_1_22' title="bbox 134 2471 1220 2569; baseline 0.002 -24"><span class='ocrx_word' id='word_1_140' title='bbox 134 2496 233 2545; x_wconf 77' lang='lat' dir='ltr'>&#39;nus</span> <span class='ocrx_word' id='word_1_141' title='bbox 262 2474 412 2569; x_wconf 80' lang='lat' dir='ltr'>Origen.</span> <span class='ocrx_word' id='word_1_142' title='bbox 437 2471 537 2543; x_wconf 85' lang='lat' dir='ltr'>Libr.</span> <span class='ocrx_word' id='word_1_143' title='bbox 559 2477 611 2544; x_wconf 91' lang='grc' dir='ltr'>ΙΙ.</span> <span class='ocrx_word' id='word_1_144' title='bbox 636 2478 723 2567; x_wconf 89' lang='lat' dir='ltr'>Cap.</span> <span class='ocrx_word' id='word_1_145' title='bbox 743 2472 779 2544; x_wconf 77' lang='lat' dir='ltr'>ll.</span> <span class='ocrx_word' id='word_1_146' title='bbox 800 2498 837 2568; x_wconf 87' lang='lat' dir='ltr'>p.</span> <span class='ocrx_word' id='word_1_147' title='bbox 857 2472 939 2545; x_wconf 77' lang='lat'>198.</span> <span class='ocrx_word' id='word_1_148' title='bbox 958 2474 1100 2547; x_wconf 89' lang='lat' dir='ltr'>merito</span> <span class='ocrx_word' id='word_1_149' title='bbox 1120 2475 1220 2547; x_wconf 83' lang='lat' dir='ltr'>dicit:</span> 
     </span>
     <span class='ocr_line' id='line_1_23' title="bbox 41 2563 1221 2679; baseline 0.003 -37"><span class='ocrx_word' id='word_1_150' title='bbox 41 2584 48 2597; x_wconf 90' lang='lat'>&#39;</span> <span class='ocrx_word' id='word_1_151' title='bbox 135 2575 241 2679; x_wconf 69' lang='lat' dir='ltr'>Quot</span> <span class='ocrx_word' id='word_1_152' title='bbox 255 2563 345 2666; x_wconf 83' lang='lat' dir='ltr'>fere</span> <span class='ocrx_word' id='word_1_153' title='bbox 372 2573 433 2643; x_wconf 86' lang='lat' dir='ltr'>vel</span> <span class='ocrx_word' id='word_1_154' title='bbox 451 2573 626 2672; x_wconf 69' lang='lat' dir='ltr'>fautores</span> <span class='ocrx_word' id='word_1_155' title='bbox 655 2571 787 2645; x_wconf 81' lang='lat' dir='ltr'>habuit</span> <span class='ocrx_word' id='word_1_156' title='bbox 810 2577 958 2648; x_wconf 87' lang='lat' dir='ltr'>Ariona</span> <span class='ocrx_word' id='word_1_157' title='bbox 980 2568 1142 2676; x_wconf 76' lang='lat' dir='ltr'>haeresis</span> <span class='ocrx_word' id='word_1_158' title='bbox 1170 2574 1221 2649; x_wconf 79' lang='lat' dir='ltr'>ees</span> 
     </span>
     <span class='ocr_line' id='line_1_24' title="bbox 25 2676 1219 2793; baseline 0.003 -45"><span class='ocrx_word' id='word_1_159' title='bbox 25 2684 28 2691; x_wconf 89' lang='lat'>&#39;</span> <span class='ocrx_word' id='word_1_160' title='bbox 132 2689 426 2793; x_wconf 64' lang='lat' dir='ltr'>oppugnatores,</span> <span class='ocrx_word' id='word_1_161' title='bbox 459 2676 616 2751; x_wconf 83' lang='lat' dir='ltr'>totidem</span> <span class='ocrx_word' id='word_1_162' title='bbox 676 2676 917 2775; x_wconf 81' lang='lat' dir='ltr'>ropernodurn</span> <span class='ocrx_word' id='word_1_163' title='bbox 950 2679 1219 2779; x_wconf 73' lang='lat' dir='ltr'>Origenr&#39;ananr</span> 
     </span>
    </p>

    <p class='ocr_par' dir='ltr' id='par_1_6' title="bbox 122 2701 1218 4097">
     <span class='ocr_line' id='line_1_25' title="bbox 131 2701 1218 2881; baseline 0.004 -34"><span class='ocrx_word' id='word_1_164' title='bbox 131 2776 342 2851; x_wconf 71' lang='lat' dir='ltr'>doctrinam</span> <span class='ocrx_word' id='word_1_165' title='bbox 364 2777 425 2851; x_wconf 85' lang='lat' dir='ltr'>vel</span> <span class='ocrx_word' id='word_1_166' title='bbox 449 2778 613 2873; x_wconf 76' lang='lat' dir='ltr'>amplexi</span> <span class='ocrx_word' id='word_1_167' title='bbox 623 2701 727 2881; x_wconf 59' lang='lat' dir='ltr'>sint,</span> <span class='ocrx_word' id='word_1_168' title='bbox 750 2778 808 2851; x_wconf 85' lang='lat' dir='ltr'>vel</span> <span class='ocrx_word' id='word_1_169' title='bbox 833 2767 1014 2873; x_wconf 83' lang='lat' dir='ltr'>detestati.</span> <span class='ocrx_word' id='word_1_170' title='bbox 1070 2783 1133 2853; x_wconf 88' lang='lat' dir='ltr'>Sic</span> <span class='ocrx_word' id='word_1_171' title='bbox 1151 2786 1218 2853; x_wconf 83' lang='lat' dir='ltr'>Eu·</span> 
     </span>
     <span class='ocr_line' id='line_1_26' title="bbox 128 2876 1217 2973; baseline 0.004 -24"><span class='ocrx_word' id='word_1_172' title='bbox 128 2876 252 2953; x_wconf 87' lang='lat' dir='ltr'>sebius</span> <span class='ocrx_word' id='word_1_173' title='bbox 266 2876 517 2962; x_wconf 69' lang='lat' dir='ltr'>jCaesareensrs</span> <span class='ocrx_word' id='word_1_174' title='bbox 544 2877 707 2951; x_wconf 89' lang='lat' dir='ltr'>amicum</span> <span class='ocrx_word' id='word_1_175' title='bbox 730 2878 838 2953; x_wconf 84' lang='lat' dir='ltr'>suum</span> <span class='ocrx_word' id='word_1_176' title='bbox 858 2878 1107 2973; x_wconf 85' lang='lat' dir='ltr'>Pamphilum</span> <span class='ocrx_word' id='word_1_177' title='bbox 1123 2908 1217 2955; x_wconf 87' lang='lat' dir='ltr'>corn.</span> 
     </span>
     <span class='ocr_line' id='line_1_27' title="bbox 128 2976 1215 3081; baseline 0.006 -30"><span class='ocrx_word' id='word_1_178' title='bbox 128 2978 255 3051; x_wconf 88' lang='lat' dir='ltr'>movit</span> <span class='ocrx_word' id='word_1_179' title='bbox 282 2978 330 3049; x_wconf 90' lang='lat' dir='ltr'>ad</span> <span class='ocrx_word' id='word_1_180' title='bbox 355 2976 585 3055; x_wconf 85' lang='lat' dir='ltr'>scribendam</span> <span class='ocrx_word' id='word_1_181' title='bbox 609 3004 678 3075; x_wconf 91' lang='lat' dir='ltr'>pro</span> <span class='ocrx_word' id='word_1_182' title='bbox 700 2980 859 3076; x_wconf 82' lang='lat' dir='ltr'>Origene</span> <span class='ocrx_word' id='word_1_183' title='bbox 880 2980 1130 3081; x_wconf 80' lang='lat' dir='ltr'>Apologiarn,</span> <span class='ocrx_word' id='word_1_184' title='bbox 1152 2984 1215 3067; x_wconf 87' lang='lat' dir='ltr'>cui.</span> 
     </span>
     <span class='ocr_line' id='line_1_28' title="bbox 129 3078 1216 3179; baseline 0.006 -30"><span class='ocrx_word' id='word_1_185' title='bbox 129 3102 249 3173; x_wconf 90' lang='lat' dir='ltr'>quum</span> <span class='ocrx_word' id='word_1_186' title='bbox 272 3082 455 3170; x_wconf 88' lang='lat' dir='ltr'>martyrio</span> <span class='ocrx_word' id='word_1_187' title='bbox 481 3078 680 3152; x_wconf 84' lang='lat' dir='ltr'>exstinctus</span> <span class='ocrx_word' id='word_1_188' title='bbox 706 3080 790 3155; x_wconf 88' lang='lat' dir='ltr'>esset</span> <span class='ocrx_word' id='word_1_189' title='bbox 806 3083 1038 3178; x_wconf 85' lang='lat' dir='ltr'>Pamphilus,</span> <span class='ocrx_word' id='word_1_190' title='bbox 1058 3086 1137 3179; x_wconf 89' lang='lat' dir='ltr'>ipse</span> <span class='ocrx_word' id='word_1_191' title='bbox 1151 3092 1216 3159; x_wconf 82' lang='lat' dir='ltr'>Eu·</span> 
     </span>
     <span class='ocr_line' id='line_1_29' title="bbox 126 3180 1215 3261; baseline 0 -2"><span class='ocrx_word' id='word_1_192' title='bbox 126 3180 248 3259; x_wconf 81' lang='lat' dir='ltr'>sebius</span> <span class='ocrx_word' id='word_1_193' title='bbox 274 3182 448 3257; x_wconf 82' lang='lat' dir='ltr'>ultimam</span> <span class='ocrx_word' id='word_1_194' title='bbox 474 3183 645 3253; x_wconf 88' lang='lat' dir='ltr'>adhibuit</span> <span class='ocrx_word' id='word_1_195' title='bbox 669 3208 837 3253; x_wconf 90' lang='lat' dir='ltr'>manum.</span> <span class='ocrx_word' id='word_1_196' title='bbox 891 3186 951 3257; x_wconf 84' lang='lat' dir='ltr'>sic</span> <span class='ocrx_word' id='word_1_197' title='bbox 974 3202 1013 3255; x_wconf 88' lang='lat' dir='ltr'>et</span> <span class='ocrx_word' id='word_1_198' title='bbox 1039 3187 1105 3261; x_wconf 88' lang='lat' dir='ltr'>alii</span> <span class='ocrx_word' id='word_1_199' title='bbox 1127 3190 1215 3261; x_wconf 65' lang='lat' dir='ltr'>eius</span> 
     </span>
     <span class='ocr_line' id='line_1_30' title="bbox 126 3282 1215 3381; baseline 0.002 -24"><span class='ocrx_word' id='word_1_200' title='bbox 126 3282 236 3357; x_wconf 85' lang='lat' dir='ltr'>modi</span> <span class='ocrx_word' id='word_1_201' title='bbox 260 3301 395 3377; x_wconf 87' lang='lat' dir='ltr'>partes,</span> <span class='ocrx_word' id='word_1_202' title='bbox 422 3285 622 3381; x_wconf 83' lang='lat' dir='ltr'>Origenem</span> <span class='ocrx_word' id='word_1_203' title='bbox 647 3282 884 3367; x_wconf 87' lang='lat' dir='ltr'>defendendi,</span> <span class='ocrx_word' id='word_1_204' title='bbox 908 3287 1137 3380; x_wconf 88' lang='lat' dir='ltr'>implerunt,</span> <span class='ocrx_word' id='word_1_205' title='bbox 1153 3290 1215 3359; x_wconf 90' lang='lat' dir='ltr'>Di·</span> 
     </span>
     <span class='ocr_line' id='line_1_31' title="bbox 126 3379 1212 3484; baseline 0.006 -27"><span class='ocrx_word' id='word_1_206' title='bbox 126 3382 264 3479; x_wconf 71' lang='lat' dir='ltr'>dyrnus</span> <span class='ocrx_word' id='word_1_207' title='bbox 278 3383 408 3467; x_wconf 64' lang='lat' dir='ltr'>Area,</span> <span class='ocrx_word' id='word_1_208' title='bbox 426 3390 586 3457; x_wconf 84' lang='lat' dir='ltr'>Ioannes</span> <span class='ocrx_word' id='word_1_209' title='bbox 604 3379 783 3483; x_wconf 80' lang='lat' dir='ltr'>llierosol.</span> <span class='ocrx_word' id='word_1_210' title='bbox 797 3439 807 3470; x_wconf 97' lang='lat'>,</span> <span class='ocrx_word' id='word_1_211' title='bbox 822 3391 1013 3484; x_wconf 81' lang='lat' dir='ltr'>Euagrius</span> <span class='ocrx_word' id='word_1_212' title='bbox 1030 3392 1212 3477; x_wconf 87' lang='lat' dir='ltr'>Ponticus,</span> 
     </span>
     <span class='ocr_line' id='line_1_32' title="bbox 124 3474 1215 3593; baseline 0.009 -37"><span class='ocrx_word' id='word_1_213' title='bbox 124 3482 333 3569; x_wconf 81' lang='lat' dir='ltr'>Palladius,</span> <span class='ocrx_word' id='word_1_214' title='bbox 350 3474 525 3580; x_wconf 80' lang='lat' dir='ltr'>lfislorus,</span> <span class='ocrx_word' id='word_1_215' title='bbox 544 3483 699 3587; x_wconf 81' lang='lat' dir='ltr'>Rufinus</span> <span class='ocrx_word' id='word_1_216' title='bbox 726 3505 763 3561; x_wconf 85' lang='lat' dir='ltr'>et</span> <span class='ocrx_word' id='word_1_217' title='bbox 778 3490 992 3582; x_wconf 83' lang='lat' dir='ltr'>complures</span> <span class='ocrx_word' id='word_1_218' title='bbox 1010 3516 1058 3561; x_wconf 84' lang='lat' dir='ltr'>ex</span> <span class='ocrx_word' id='word_1_219' title='bbox 1075 3496 1215 3593; x_wconf 83' lang='lat' dir='ltr'>Aegyp·</span> 
     </span>
     <span class='ocr_line' id='line_1_33' title="bbox 126 3587 1214 3682; baseline 0.008 -25"><span class='ocrx_word' id='word_1_220' title='bbox 126 3587 190 3663; x_wconf 87' lang='lat' dir='ltr'>tiis</span> <span class='ocrx_word' id='word_1_221' title='bbox 206 3588 419 3669; x_wconf 86' lang='lat' dir='ltr'>Monacbis,</span> <span class='ocrx_word' id='word_1_222' title='bbox 445 3589 511 3682; x_wconf 91' lang='lat' dir='ltr'>qui</span> <span class='ocrx_word' id='word_1_223' title='bbox 526 3589 670 3660; x_wconf 85' lang='lat' dir='ltr'>Nitriae</span> <span class='ocrx_word' id='word_1_224' title='bbox 687 3606 857 3659; x_wconf 89' lang='lat' dir='ltr'>montem</span> <span class='ocrx_word' id='word_1_225' title='bbox 875 3590 1111 3665; x_wconf 86' lang='lat' dir='ltr'>incolebant.</span> <span class='ocrx_word' id='word_1_226' title='bbox 1163 3596 1214 3665; x_wconf 79' lang='lat' dir='ltr'>ln</span> 
     </span>
     <span class='ocr_line' id='line_1_34' title="bbox 125 3690 1213 3777; baseline 0.007 -18"><span class='ocrx_word' id='word_1_227' title='bbox 125 3704 184 3765; x_wconf 86' lang='lat' dir='ltr'>ter</span> <span class='ocrx_word' id='word_1_228' title='bbox 206 3690 420 3761; x_wconf 83' lang='lat' dir='ltr'>recentiores</span> <span class='ocrx_word' id='word_1_229' title='bbox 442 3693 644 3774; x_wconf 84' lang='lat' dir='ltr'>Auctores,</span> <span class='ocrx_word' id='word_1_230' title='bbox 671 3690 727 3761; x_wconf 90' lang='lat' dir='ltr'>uti</span> <span class='ocrx_word' id='word_1_231' title='bbox 743 3691 839 3762; x_wconf 91' lang='lat' dir='ltr'>inter</span> <span class='ocrx_word' id='word_1_232' title='bbox 859 3710 1026 3777; x_wconf 75' lang='lat' dir='ltr'>veterae,</span> <span class='ocrx_word' id='word_1_233' title='bbox 1054 3694 1213 3769; x_wconf 86' lang='lat' dir='ltr'>dissensio</span> 
     </span>
     <span class='ocr_line' id='line_1_35' title="bbox 125 3786 1214 3887; baseline 0.005 -22"><span class='ocrx_word' id='word_1_234' title='bbox 125 3786 177 3867; x_wconf 82' lang='lat' dir='ltr'>ost</span> <span class='ocrx_word' id='word_1_235' title='bbox 200 3788 245 3861; x_wconf 86' lang='lat' dir='ltr'>de</span> <span class='ocrx_word' id='word_1_236' title='bbox 272 3789 442 3887; x_wconf 79' lang='lat' dir='ltr'>Origenis</span> <span class='ocrx_word' id='word_1_237' title='bbox 472 3792 653 3863; x_wconf 90' lang='lat' dir='ltr'>doctrina.</span> <span class='ocrx_word' id='word_1_238' title='bbox 706 3794 896 3865; x_wconf 90' lang='lat' dir='ltr'>Nonnulli</span> <span class='ocrx_word' id='word_1_239' title='bbox 917 3794 964 3863; x_wconf 90' lang='lat' dir='ltr'>iis</span> <span class='ocrx_word' id='word_1_240' title='bbox 989 3795 1094 3867; x_wconf 90' lang='lat' dir='ltr'>inter</span> <span class='ocrx_word' id='word_1_241' title='bbox 1128 3798 1214 3869; x_wconf 83' lang='lat' dir='ltr'>anti·</span> 
     </span>
     <span class='ocr_line' id='line_1_36' title="bbox 123 3889 1211 3989; baseline 0.006 -27"><span class='ocrx_word' id='word_1_242' title='bbox 123 3889 275 3989; x_wconf 84' lang='lat' dir='ltr'>quiores</span> <span class='ocrx_word' id='word_1_243' title='bbox 293 3892 485 3974; x_wconf 85' lang='lat' dir='ltr'>accedunt,</span> <span class='ocrx_word' id='word_1_244' title='bbox 502 3894 617 3986; x_wconf 88' lang='lat' dir='ltr'>quiin</span> <span class='ocrx_word' id='word_1_245' title='bbox 636 3892 884 3967; x_wconf 81' lang='lat' dir='ltr'>diiudicandis</span> <span class='ocrx_word' id='word_1_246' title='bbox 900 3896 1008 3968; x_wconf 88' lang='lat' dir='ltr'>illius</span> <span class='ocrx_word' id='word_1_247' title='bbox 1027 3896 1211 3973; x_wconf 82' lang='lat' dir='ltr'>sententiis</span> 
     </span>
     <span class='ocr_line' id='line_1_37' title="bbox 122 3990 1210 4097; baseline 0.002 -28"><span class='ocrx_word' id='word_1_248' title='bbox 122 3990 221 4069; x_wconf 83' lang='lat' dir='ltr'>iusto</span> <span class='ocrx_word' id='word_1_249' title='bbox 234 3992 431 4065; x_wconf 84' lang='lat' dir='ltr'>severiores</span> <span class='ocrx_word' id='word_1_250' title='bbox 444 3990 620 4079; x_wconf 84' lang='lat' dir='ltr'>fuerunt3</span> <span class='ocrx_word' id='word_1_251' title='bbox 648 4020 736 4067; x_wconf 86' lang='lat' dir='ltr'>eum</span> <span class='ocrx_word' id='word_1_252' title='bbox 752 3997 965 4067; x_wconf 87' lang='lat' dir='ltr'>multorum</span> <span class='ocrx_word' id='word_1_253' title='bbox 983 4022 1031 4069; x_wconf 86' lang='lat' dir='ltr'>ac</span> <span class='ocrx_word' id='word_1_254' title='bbox 1048 4002 1210 4097; x_wconf 83' lang='lat' dir='ltr'>gravium</span> 
     </span>
    </p>
   </div>
   <div class='ocr_carea' id='block_1_6' title="bbox 123 4093 1207 4193">
    <p class='ocr_par' dir='ltr' id='par_1_7' title="bbox 123 4093 1207 4193">
     <span class='ocr_line' id='line_1_38' title="bbox 123 4093 1207 4193; baseline -0.003 -18"><span class='ocrx_word' id='word_1_255' title='bbox 123 4118 295 4175; x_wconf 65' lang='lat' dir='ltr'>osorum</span> <span class='ocrx_word' id='word_1_256' title='bbox 319 4093 578 4193; x_wconf 79' lang='lat' dir='ltr'>postularunt,</span> <span class='ocrx_word' id='word_1_257' title='bbox 610 4096 692 4173; x_wconf 90' lang='lat' dir='ltr'>imo</span> <span class='ocrx_word' id='word_1_258' title='bbox 724 4098 1055 4187; x_wconf 84' lang='lat' dir='ltr'>condemnarunt,</span> <span class='ocrx_word' id='word_1_259' title='bbox 1089 4108 1207 4177; x_wconf 75' lang='lat' dir='ltr'>Dior.</span> 
     </span>
    </p>
   </div>
   <div class='ocr_carea' id='block_1_7' title="bbox 0 0 1276 4724">
    <p class='ocr_par' dir='ltr' id='par_1_8' title="bbox 0 0 1276 4724">
     <span class='ocr_line' id='line_1_39' title="bbox 0 0 1276 4724; baseline 0 5"><span class='ocrx_word' id='word_1_260' title='bbox 0 0 1276 4724; x_wconf 95' lang='lat' dir='ltr'> </span> 
     </span>
    </p>
   </div>
  </div>
 </body>
</html>
