2542 4724
130 263 207 343 432
395 230 399 237 ’
467 270 607 361 err.
646 268 723 341 vu.
776 271 811 359 a.
839 266 903 343 71.

122 460 127 483 ²
232 461 331 537 Sunt
343 453 413 527 alia
428 452 573 550 scripta,
601 476 696 553 quaa
721 454 767 526 de
781 441 935 529 Petrum
961 454 1053 530 sacri
1080 459 1228 534 ordinis

23 592 26 596 ·
63 620 66 627 .
132 558 346 657 eruditione
370 580 412 629 ac
434 554 628 653 diligentia
652 552 822 629 historica
838 554 1029 630 testantur.
1082 566 1128 633 In
1150 562 1230 634 illia

133 664 265 735 locum
301 682 381 729 non
421 654 642 728 inferiorem
681 675 836 729 tuentur
875 664 1055 733 unsrun
1087 686 1232 735 monu-

130 778 269 835 menta.
322 759 469 831 Primus
493 756 591 828 inter
620 775 762 831 veteres
784 759 1047 857 Geograplriue
1072 760 1229 835 biblicae

62 868 65 873 ’
115 862 256 936 ‘lucem
282 859 428 943 attulit,
465 864 592 953 quum·
606 858 747 937 librum
769 866 838 953 rapi
862 864 927 931 wir
946 869 1096 943 τοπικῶν.
1110 865 1265 959 ὄνομά-ι

131 992 195 1035 rur
211 965 242 1031 ἐν
257 968 299 1054 τῇ
312 965 385 1041 θείᾳ
400 966 522 1052 γραφῇ,
549 959 594 1028 de
612 958 818 1037 nominibus
836 963 1001 1035 locorum
1022 965 1228 1037 et-urbiurn

132 1070 172 1137 in
193 1068 313 1135 Socra
331 1063 546 1156 Scriptura,
575 1059 789 1154 composuit
811 1086 932 1158 eoque
956 1066 1140 1139 recensuit
1156 1092 1230 1139 no·

131 1166 236 1239 mina
262 1164 449 1234 dictorum
471 1163 647 1233 locorum
672 1161 803 1233 ordine
817 1163 1048 1251 litterarum,
1073 1190 1229 1241 eorum·

133 1268 220 1340 dem
246 1263 357 1337 situm
383 1287 426 1334 ao
449 1260 658 1359 quomodo'
682 1279 799 1334 aetate
824 1264 903 1336 eius
933 1268 1228 1363 appellarentur,

51 1444 54 1449 ,
132 1366 323 1463 explicuit.
374 1370 463 1435 Non
479 1387 608 1458 expers
625 1358 869 1435 estvitiorum
892 1389 988 1462 opus
1004 1369 1089 1443 hoc.
1139 1371 1228 1455 Alia

125 1466 283 1552 omissa,
310 1465 400 1549 alia,
428 1466 547 1562 quum
570 1462 751 1565 Eusebius
777 1466 927 1565 linguae
945 1467 1229 1567 ebraereigna·

131 1594 197 1643 rua
214 1566 355 1641 essetne
371 1563 488 1637 versio
518 1589 578 1636 em
594 1563 826 1663 septuaginta
837 1569 1085 1664 interpretum
1096 1569 1227 1667 seque·

132 1690 248 1755 retur,
274 1666 407 1741 vitiose
423 1691 474 1761 po
507 1684 541 1736 ta
559 1665 655 1736 sunt.
709 1672 1007 1741 Monumentum
1031 1672 1226 1745 hocHuu-

133 1790 342 1844 Romulos
367 1769 417 1837 in·
432 1767 641 1839 sermonem
665 1766 828 1839 latinum
853 1763 1064 1857 transtulit,
1099 1772 1154 1845 ita
1171 1792 1227 1846 ta·

130 1900 231 1958 men,
260 1889 304 1943 ut
321 1870 441 1943 multa
460 1868 676 1952 detraheret,
703 1867 865 1955 adderet,
893 1890 1067 1965 mutaret.
1116 1872 1228 1948 Idem

58 2006 65 2019 ·
130 1982 338 2049 teneamus
357 1969 562 2057 Chronicon
580 1967 752 2064 reliquit,
781 1971 887 2044 cuius
912 1972 1006 2045 duae
1031 1973 1119 2045 sunt
1138 2000 1226 2071 par-

131 2095 200 2150 tes.
253 2081 297 2146 In
315 2073 436 2168 prima
452 2070 621 2153 illarum,
648 2072 754 2143 cuius
779 2072 971 2167 inscriptio
989 2069 1056 2147 est:
1081 2076 1227 2171 Χρένικοὶ
1263 2090 1265 2101 “

44 2204 50 2223 ’
78 2194 101 2271 ,’
129 2178 253 2262 κανόνες
281 2176 478 2262 παντοδαπῆς
507 2178 660 2265 ἱστορίας,
687 2173 803 2243 hodie
823 2176 931 2246 valde
957 2176 1112 2262 mutila,
1140 2202 1226 2251 om·

63 2296 66 2303 '
87 2340 91 2349 .
130 2281 240 2352 nium
257 2300 352 2373 pene
369 2275 550 2373 gentium,
571 2274 855 2358 Chaldaeorum,
872 2273 1117 2367 Assyriorum,
1141 2284 1226 2355 Me-

130 2383 289 2462 dorum,
316 2375 526 2460 Persarum,
553 2375 797 2461 Ebraeorum‚
823 2378 1101 2475 Aegyptiorum
1123 2381 1224 2452 alio·

128 2505 291 2575 rumque
309 2477 472 2574 origines
487 2495 525 2546 et
542 2500 599 2547 res
616 2478 1049 2552 maximememorabiles
1066 2480 1112 2551 ab
1129 2480 1226 2555 orbe

129 2582 287 2656 condito
313 2574 572 2673 prosequutus'
590 2573 657 2664 est;
692 2579 732 2648 in
757 2578 914 2650 secunda
940 2597 1083 2666 autem,
1123 2606 1224 2677 quae

129 2685 233 2755 κανὼν
250 2683 403 2772 χρονικός
418 2680 636 2777 appellatur,
663 2696 795 2751 cuncta
821 2679 868 2749 ad
884 2698 1099 2776 tempomm
1116 2683 1223 2754 ordi·

131 2798 221 2860 nem
246 2780 427 2875 disposuit
453 2799 563 2874 atque
584 2781 736 2851 initium
761 2781 807 2851 ab
834 2780 987 2875 Epocha
1011 2781 1217 2856 Abrahami

127 2886 229 2960 fecit.
279 2889 484 2976 Utramque
501 2881 546 2952 ad
563 2905 594 2950 a.
618 2882 700 2951 Chr.
718 2881 802 2955 325.
820 2884 1006 2977 perduxit.
1054 2888 1218 2957 thno·

17 3000 18 3005 ’
129 3006 281 3059 urruns
311 2983 514 3054 chronicon
542 2982 617 3053 hoc
649 2982 809 3054 reddidit
844 2985 978 3067 latine,
1021 3010 1062 3055 ea
1090 3003 1214 3059 tamen

127 3090 216 3160 usur
248 3087 436 3169 libertate,
480 3102 524 3154 ut
554 3081 627 3152 alia
661 3085 909 3168 ammitteret,
944 3086 1015 3157 alia
1044 3086 1212 3171 adderet3
1263 3164 1265 3169 ,

127 3209 314 3287 praeterea
343 3202 468 3257 autem'
494 3210 589 3279 opus
613 3185 735 3279 ipsum
760 3187 806 3256 ad
831 3212 862 3255 a.
887 3188 970 3256 Chr.
989 3188 1074 3257 378.
1093 3190 1210 3260 conti·
1263 3188 1265 3209 ²

125 3289 263 3363 nuavit
279 3289 325 3371 ¹¹¹).
379 3283 565 3359 Monstrat
591 3308 687 3380 opus
717 3287 810 3369 hoc,
843 3294 969 3359 Patres
991 3312 1073 3358 non
1090 3290 1209 3361 solum

125 3392 245 3465 sacrae
266 3410 378 3484 atque
398 3384 671 3472 ecclesiasticae,
700 3389 761 3459 sed
784 3390 902 3459 civilis
929 3414 1082 3483 quoquo
1101 3388 1209 3461 histo·

124 3495 202 3565 riae
217 3494 358 3588 peritos
375 3488 492 3571 fuisse,
521 3489 567 3558 ad
593 3513 705 3582 quam
720 3491 896 3561 notitiam
921 3490 1158 3583 probandam
1175 3504 1210 3559 et

126 3596 197 3665 alia
213 3608 473 3673 monumenta,
501 3608 693 3683 tamquam
716 3587 833 3673 testes,
861 3590 1036 3661 advocari
1051 3591 1208 3686 possunt.

82 3718 88 3733 '
127 3702 233 3768 Patet
252 3696 324 3766 hoc
340 3692 505 3787 quodam
526 3693 706 3761 modoex
721 3694 795 3762 iam
813 3693 1089 3775 dictiliusanu
1108 3691 1209 3763 libris

126 3798 172 3870 de
192 3800 286 3866 Vita
312 3784 558 3888 Constantini,
585 3793 626 3862 in
652 3818 724 3888 qua
748 3794 1011 3895 componenda
1029 3819 1069 3864 ea
1086 3812 1210 3865 tamen

124 3966 333 3984 ’.η-ιιι-

159 4058 184 4123 ”)
202 4054 248 4107 De
264 4050 394 4107 versione
410 4052 499 4105 huius
516 4050 658 4104 Clrronici
674 4053 823 4109 armenica
840 4052 899 4112 tid.
917 4050 1094 4111 Sauum
1112 4050 1213 4123 Grsrlu

191 4123 222 4178 d.
238 4119 347 4193 gricclr.
361 4120 535 4179 Litteratur
548 4118 606 4185 111,
623 4124 683 4179 Ἠό.
