2542 4724
314 282 348 357 C
374 305 398 352 Δ
426 306 460 355 u.
489 286 589 353 x111.
642 280 677 371 ς.
706 282 791 357 128.
804 284 889 360 129.
1083 284 1155 361 691

58 470 295 547 defendenda
326 472 463 541 Hrnn.
492 468 646 563 quidem
679 473 956 545 Donwnrrus
983 464 1149 575 Diffcrtt.

58 576 241 675 cyprian.
278 574 387 641 XIII.
420 595 458 665 p.
494 570 577 642 124.
612 594 762 667 operam
789 574 1011 657 collocavit,
1039 600 1149 673 argu·

55 694 185 749 menta
219 689 362 754 autem,
398 694 493 766 quae
523 666 649 753 affert,
680 695 762 742 non
794 672 880 743 sunt
904 674 1035 745 nunni
1064 700 1148 747 mo-

56 775 188 869 menti.
242 773 337 869 Legi
361 768 513 867 possunt
534 773 605 843 hac
622 771 720 843 dere
734 777 792 843 Io.
811 779 923 846 Casu.
941 734 1145 849 Srsrcnaus

57 882 209 949 Sacrar.
239 860 446 972 Observatt.
474 879 561 967 Cap.
580 878 643 943 111.
668 897 704 968 p.
720 872 803 957 65.;
829 880 886 947 10.
913 878 1146 948 11111311.Βο-

59 1002 149 1049 srus
177 978 329 1074 Opujcc.
350 964 471 1068 histor.
499 989 535 1043 et
559 977 773 1069 antiquitat.
794 967 1034 1072 eccscfiastic.,
1051 1000 1147 1072 quae

60 1078 229 1151 eiusdem
261 1076 529 1146 Introduction.
564 1078 602 1145 in
635 1078 808 1144 notitiam
830 1078 1010 1170 Scriptor.
1036 1079 1149 1148 ecclc·

45 1171 151 1279 finst.
181 1182 251 1249 al.
274 1182 343 1246 Gt.
365 1182 573 1247 Wrncrrro
601 1176 724 1246 addita
751 1175 848 1261 sunt,
866 1203 902 1271 p.
921 1176 1027 1263 tut,
1064 1184 1145 1250 Ios.

56 1286 317 1353 Bmomuus
351 1278 496 1373 Origiu.
520 1270 555 1375 f.
580 1278 765 1369 Antiquit.
796 1272 915 1447 ecctrp.
952 1280 1039 1349 Vol.
1070 1282 1145 1348 IV.

57 1406 96 1477 p·
124 1378 206 1462 44.;
240 1384 339 1450 Cnn.
366 1379 407 1448 Α.
429 1381 624 1449 Sanetus
659 1376 704 1447 de
735 1377 938 1478 Diptycris
967 1379 1148 1451 Veterum

58 1488 148 1577 Gap.
167 1486 213 1551 X.
231 1478 305 1563 §.si
324 1478 399 1572 sqq.
453 1479 522 1547 Sed
541 1479 630 1550 liaeo
645 1478 728 1549 satis
747 1504 917 1553 errorum
930 1481 1146 1563 moralium,

38 1632 42 1645 .
57 1583 101 1655 in
120 1602 219 1679 quos
236 1579 450 1651 inciderunt
465 1578 645 1651 Ecclesrae
660 1585 796 1653 Patres.

521 1750 556 1839 §.
604 1748 688 1823 129.

158 1883 384 1979 Antequam
399 1894 543 1954 ¹autem
562 1876 687 1953 finem
704 1884 1054 1963 commentationis
1070 1884 1152 1963 hu<

57 1986 124 2059 ius
164 1978 379 2069 faciamus,
422 2006 488 2055 res
557 1995 697 2079 rupter
736 2006 856 2081 quam
887 1982 1148 2086 scriptionem

56 2084 164 2161 hanc
191 2081 433 2182 suscepimus
459 2008 652 2181 possulat,
684 2097 730 2155 ut
757 2098 797 2155 et
819 2088 1145 2177 controverfiarn,

57 2184 265 2284 superiore
291 2197 416 2255 aetate
441 2182 492 2257 de
516 2186 680 2257 Petrum
697 2180 902 2285 theologia
917 2190 1062 2261 morali
1081 2216 1151 2263 na·

59 2302 157 2376 tam,
187 2308 554 2359 commemoremus
582 2308 751 2381 acquae
776 2283 823 2356 ab
844 2301 1016 2384 utraque
1035 2306 1150 2390 parte

60 2384 256 2487 disputata
271 2384 381 2474 sunt,
400 2406 654 2472 enarremus,
684 2409 730 2457 ea
746 2384 923 2473 ratione,
941 2402 987 2460 ut
1001 2406 1147 2487 pateat,

60 2485 309 2561 adversarios
334 2485 378 2559 in
402 2510 467 2559 eas
495 2486 764 2560 extremitates
791 2484 971 2587 delapsos
989 2488 1086 2581 esse,
1103 2506 1151 2567 ut

61 2612 86 2663 a
99 2587 234 2662 media
261 2612 386 2683 eaque
401 2587 549 2660 tutiore
566 2588 632 2659 ria
648 2586 931 2661 aberraverint.

161 2698 220 2763 Io.
242 2698 485 2763 Brnnnrnrc
509 2692 641 2788 gallice
664 2690 875 2761 reddiderat
891 2698 1144 2766 Portunon-

62 2818 124 2867 ιιι
137 2817 234 2889 opus
245 2792 292 2862 de
312 2795 388 2861 iure
404 2805 562 2861 naturae
580 2806 615 2860 et
629 2795 808 2888 gentium.
826 2790 974 2865 Anastel.
991 2797 1094 2885 ΠΡ).
1106 2798 1144 2869 ss.

61 2920 107 2969 ac
128 2892 401 2991 praefationem
417 2893 665 2987 praemiserat,
689 2891 803 2987 eique
819 2894 916 2964 inter
931 2895 1000 2965 alia
1020 2895 1065 2967 de
1081 2903 1162 2968 Pa·-

61 3014 166 3069 trnm
194 2995 364 3065 doctrina
390 2994 526 3064 morali
552 2994 702 3087 copiose
725 2993 956 3089 exposuerat,
982 3020 1062 3067 non
1088 2998 1148 3069 so·

61 3098 146 3169 lum
162 3113 205 3166 ut
222 3096 268 3167 iis
287 3094 444 3164 solidam
462 3094 655 3165 doctrinae
677 3095 832 3166 moralis
857 3094 1069 3168 christianae
1092 3124 1152 3171 co·

61 3199 277 3299 gnitionem
301 3196 509 3293 denegaret,
535 3194 728 3266 sedetiam
752 3198 991 3291 quorundam
1015 3224 1150 3273 eorum

60 3299 262 3373 sententias
288 3298 417 3366 acriter
437 3292 696 3393 perstringeret
711 3314 822 3392 atque
837 3299 1065 3371 acerbiorem
1084 3302 1148 3371 ad·

60 3401 209 3473 hiberet
238 3402 438 3469 censuram.
490 3397 752 3491 Interpretatio
780 3400 871 3471 haec
894 3402 1026 3498 gallicu
1051 3398 1149 3497 post·

61 3526 178 3597 quam
219 3499 408 3594 publicam
440 3499 563 3569 lucem
602 3498 826 3593 adspexerat,
858 3502 1052 3597 inscripta:
1095 3506 1149 3577 Le

61 3606 165 3673 droit
188 3602 286 3670 desa
313 3614 445 3669 stature
460 3614 496 3669 et
514 3601 683 3696 degens,
709 3596 857 3673 Ams'tel.
879 3604 986 3675 1712.
1005 3602 1055 3688 4,,
1079 3630 1148 3677 na·

63 3722 148 3777 ctus
165 3700 213 3773 est
230 3708 543 3771 imminuamus
563 3701 808 3785 adversarios,
833 3704 897 3799 qui
913 3724 1042 3779 contra
1062 3734 1150 3779 eum

62 3830 167 3877 arum
190 3804 330 3877 ferrent
355 3828 397 3873 ac
413 3808 565 3873 Parrum
584 3800 741 3874 caussam
760 3822 922 3903 agerent.
974 3806 1150 3904 Princeps

62 3904 142 3979 fuit
168 3910 277 3978 Runa.
308 3910 533 3989 Carmen,
568 3905 632 3999 qui
660 3904 796 3976 edidit:
831 3904 1021 4002 Apotoote
1042 3910 1088 3981 dc
1111 3911 1152 3979 Ia

62 4008 220 4078 Moraic
236 4007 299 4076 ries
317 4006 426 4075 tures
443 4005 488 4075 de
505 4006 527 4075 s'
540 3999 664 4105 Eglisc
682 4020 806 4077 contre
820 4006 869 4077 les
884 3960 1027 4093 iuiust'es
1045 4036 1153 4080 accu-

51 4106 204 4211 jotious
226 4108 278 4179 du
299 4100 423 4205 Mons.
438 4110 531 4182 leun
554 4106 892 4280 Burbcyrafflof.
911 4134 958 4183 en
981 4108 1099 4182 Droit
1116 4128 1154 4185 et
