2542 4724
399 274 488 351 cr
516 302 552 349 s.
583 270 684 352 uu:
731 278 766 368 §-
792 218 854 353 rs.
1100 276 1176 359 no
1256 296 1260 303 ·

78 482 172 539 tura
195 464 234 537 S.
259 460 562 560 interpretanda
587 464 756 561 eiusque
780 486 905 537 verus
929 462 1086 555 sensus,
1129 467 1175 541 iu
1203 526 1208 539 .

78 566 183 641 locis
199 560 433 663 praesertim
452 560 764 653 obscurioribus,
791 562 1095 665 investigandus
1116 564 1180 655 fit.

77 672 130 743 ln
155 666 225 739 illa
240 678 427 737 veterum
442 662 765 739 Christianorum
780 668 985 743 Doctores
1010 668 1179 766 ingenia
1201 666 1204 671 ’

79 766 151 843 sua
174 766 285 841 varia
309 766 467 838 ratione
500 782 769 841 exercuerunt
798 766 981 864 variique
1014 767 1177 868 generis
1198 784 1201 789 '

79 881 345 963 monumenta
362 867 409 939 ab
426 865 506 952 illis
527 864 745 965 composita
762 865 864 941 sunt.
915 870 1099 943 Primum
1118 870 1180 943 lo·
1253 948 1256 957 ,

81 994 179 1047 cum
195 964 246 1045 iis
265 962 520 1065 affignamus,
558 966 628 1063 qui
647 982 860 1069 praecepta
887 967 937 1043 de
958 970 1176 1071 Scripturis

81 1058 235 1147 divinis
252 1067 499 1167 explicandis
509 1064 761 1167 scripserunt.
787 1072 911 1143 Pauci
927 1095 1072 1145 eorum
1088 1067 1187 1143 fue·¹

80 1186 200 1257 runt;
233 1194 309 1243 nec
330 1194 395 1255 ea.
433 1195 535 1267 quae
561 1170 821 1245 commentati
842 1167 953 1261 sunt,
984 1194 1180 1271 magnum

82 1286 342 1349 momentum
356 1270 516 1347 habent.

190 1434 294 1501 Inter
319 1450 386 1498 eos
411 1420 459 1497 est
483 1429 780 1513 Aucusrrnus,
820 1428 885 1523 qui
908 1428 1046 1501 Libros
1061 1434 1114 1503 tv
1136 1431 1182 1503 de
1215 1504 1218 1509 ,

83 1533 274 1607 Doctrina
293 1517 490 1624 christiana
512 1528 647 1599 litteris
673 1526 907 1629 consignavit
930 1532 1052 1629 iisque
1074 1532 1181 1605 velut

85 1630 369 1727 compendium
396 1629 630 1728 Theologiae
657 1628 837 1703 exhibuit.
893 1638 996 1729 Quae
1012 1631 1182 1717 tradidit,

86 1760 130 1809 ea
146 1757 229 1806 non
249 1732 441 1803 summum
457 1731 610 1827 quidem
626 1750 866 1807 momentum
884 1730 1044 1819 habent,
1071 1734 1182 1807 utilia

87 1858 217 1911 tamen
243 1834 348 1919 sunt,
388 1858 459 1905 nec
485 1834 680 1905 contemni
708 1834 856 1909 debent.
918 1836 1065 1909 Eodem
1087 1854 1182 1908 tem·

86 1962 204 2037 pore,
252 1959 329 2031 quo
355 1930 604 2036 Augustinus,
648 1937 1196 2009 Trcontoss.T1cnorr1us·
1239 2024 1244 2033 Ι

86 2036 183 2115 Afer
198 2038 311 2119 vixit,
347 2037 413 2132 qui
437 2037 477 2106 in
500 2032 726 2132 quibusdam
751 2062 838 2108 cum
861 2036 1068 2111 Donatistis
1092 2037 1184 2111 fecit

89 2160 167 2217 eta
190 2139 228 2212 se
247 2135 496 2211 dissentientes
514 2138 691 2211 acerrime
711 2134 961 2235 impugnavit.
1013 2148 1184 2235 Compo-

87 2241 167 2317 suit
189 2242 355 2339 Regulos
371 2234 517 2341 septem
551 2238 602 2308 cns
620 2230 916 2337 investigandam
942 2255 979 2311 et
1002 2245 1184 2327 invenior·
1260 2234 1263 2241 ’

90 2346 185 2417 dum
200 2342 485 2439 intelligentium
501 2344 568 2411 88.
586 2344 876 2435 Scriptnrormn.
930 2342 1108 2415 Reccnsct
1124 2368 1185 2414 cas

89 2440 324 2545 Augustinus
342 2468 383 2513 ac
397 2442 598 2541 significat,
627 2443 719 2535 quid
736 2442 781 2513 de
797 2444 871 2531 iilis
889 2441 929 2513 fit
945 2440 1185 2517 statuendum

90 2547 179 2621 Lib.
195 2550 259 2617 111.
286 2546 331 2615 de
346 2549 532 2615 Doctrina
551 2536 732 2638 christion.
754 2550 840 2639 Cap.
858 2518 908 2617 Isti
917 2546 993 2641 sqq.
1035 2545 1185 2617 Codicis

91 2650 188 2723 [acri
205 2648 386 2740 interpres
410 2673 492 2717 non
517 2648 684 2717 multum
710 2647 883 2718 utilitatis
907 2644 1044 2719 abistis
1063 2646 1188 2743 exspe-

91 2770 198 2825 ctare
213 2746 344 2843 potest.
399 2746 525 2823 Exitus
542 2768 695 2841 quoqne
713 2754 914 2833 Aoniam,
941 2748 988 2820 de
1006 2750 1111 2819 cuius
1129 2772 1187 2819 ae-

93 2850 264 2941 tttteVin'
282 2850 385 2921 docti
402 2848 628 2931 dissentiunt,
646 2840 810 2949 sfngoge
826 2854 861 2918 in
880 2854 917 2921 S.
935 2854 1186 2943 Scriptnront,

94 2976 229 3055 graece
245 2976 275 3022 c.
286 2950 435 3023 scholiis
453 2970 489 3023 et
503 2954 583 3023 aliis
595 2950 816 3023 huiusmodi
827 2952 1078 3044 scriptoribus
1088 2952 1188 3023 edita

93 3080 118 3129 a
142 3058 244 3125 Dav.
269 3048 496 3153 Hocschelio,
523 3058 620 3151 Aug.
636 3053 746 3123 vind.
767 3052 876 3143 1602.
903 3054 940 3123 li.
967 3071 1002 3127 et
1022 3054 1063 3123 in
1082 3052 1189 3123 Criti-

93 3179 227 3229 cornm
248 3147 441 3253 sacrorum
473 3160 587 3225 Tonr.
607 3160 666 3223 VI.
694 3180 730 3249 p.
757 3155 814 3223 11.
886 3155 1017 3227 seculo
1053 3156 1188 3250 quinto

95 3262 366 3339 Encaustus,
391 3256 510 3351 Episc.
527 3254 726 3352 Lugdun,
753 3254 884 3325 ssoruit
901 3273 1102 3349 repraeter
1119 3256 1191 3327 alia

94 3358 234 3453 scripta
263 3357 414 3452 reliquit
444 3349 729 3451 Instructionrnn
760 3357 810 3425 nd
844 3352 1037 3427 Salonium
1060 3352 1192 3457 siliunt

21 3536 30 3543 ,
95 3458 238 3535 Libros
259 3458 376 3544 duos,
411 3484 577 3553 quorum
599 3460 689 3529 alter
717 3458 761 3527 dc
781 3455 1052 3531 difficilioribus
1072 3458 1192 3555 Scrip-

94 3580 209 3635 turae
234 3566 268 3651 ξ).
294 3558 571 3655 quaestionibus
597 3561 691 3657 agit,
727 3560 819 3628 alter
846 3560 1194 3656 interpretationem

95 3663 306 3737 nominum
324 3662 567 3745 Ebraeorum,
594 3662 647 3731 ibi
665 3664 956 3744 oocutrentium,
983 3660 1142 3733 exhibet.
1156 3660 1194 3749 *)

98 3770 207 3859 Quae
230 3763 295 3833 alii
321 3764 446 3835 oblata
474 3760 666 3833 occasione
691 3786 733 3833 ac
758 3764 877 3831 veiuti
908 3762 949 3833 in
971 3762 1126 3833 transitu
1149 3760 1195 3832 de

98 3864 255 3937 Codicis
281 3870 315 3935 S.
341 3865 651 3965 interpretatione
675 3862 914 3959 scripstruut,
950 3884 990 3935 ea
1014 3851 1095 3937 non
1114 3882 1196 3933 tan-

102 4054 317 4074 un—-n———nn

137 4180 164 4249 ⁶)
185 4177 272 4233 Libri
290 4176 325 4231 hi
337 4179 519 4301 prodierunt
539 4178 620 4234 tunt
638 4185 711 4237 17³0.
731 4198 766 4235 ac
785 4182 862 4235 Rom
890 4184 964 4237 1361.
1007 4178 1128 4239 Exstant
1148 4178 1199 4235 itti

176 4248 269 4305 etiam
286 4248 320 4305 in
364 4248 475 4305 rbsr'oth.
497 4268 582 4307 mus.
603 4249 733 4306 Petrum
750 4248 914 4323 Lungs,
931 4253 989 4308 889·
1023 4320 1029 4333 Ι
