2542 4724
360 270 445 353 Ga
472 296 508 351 a,
536 276 634 349 xlv.
686 274 721 366 §.
750 274 837 353 134.
1073 280 1151 357 729

53 462 252 559 voluptate
272 454 353 561 [ola
382 452 610 563 perverfione
638 462 845 541 voluntatis
874 466 968 541 uitio
1003 468 1040 539 in
1070 470 1153 541 cni·

55 590 162 637 mom
186 560 356 659 irfiuunt.

83 720 92 749 ,
160 670 404 741 Gnncourus
423 656 607 767 Nyffemrs
625 666 667 737 in
689 668 951 740 monumentis
975 668 1070 755 luia,
1102 670 1151 745 ad

56 790 131 837 nos
157 766 309 853 delatis,
341 792 422 839 non
447 768 769 859 solumadhibuit
798 770 984 865 loquendi
1011 771 1150 845 modoa

59 868 251 953 duriores,
283 894 353 942 nec
378 868 425 943 ad
447 894 528 939 rem
550 886 720 945 accurate
752 872 1032 965 exprimendam
1062 871 1150 947 latio
1225 902 1229 907 ·

58 986 189 1067 aptos;
218 969 278 1041 sed
289 970 610 1043 etiamlententias
627 972 820 1065 amplexus
831 968 880 1043 est
897 973 1149 1047 orthodoxiae

56 1070 242 1147 lutheriae
259 1071 438 1143 adversas.
480 1068 634 1171 Scripslt
648 1076 870 1169 Ἀυτιρῥητικὸν
885 1076 959 1168 πρὸς
977 1078 1019 1147 roi
1034 1078 1153 1145 Ἀπολ.

56 1170 217 1265 λιναρίου,
265 1172 558 1243 Antirrlreticum
596 1173 680 1243 cclv.
720 1175 998 1271 Apollinarem,
1044 1176 1152 1271 quod

59 1298 159 1367 opus
182 1274 326 1369 primus
344 1299 363 1344 e
380 1274 472 1347 cod.
492 1273 672 1347 Vaticano
689 1272 873 1369 antiquill.
890 1276 982 1348 iuris
1006 1276 1151 1371 publici

58 1372 152 1445 fecit
170 1400 255 1447 cum
273 1373 441 1449 versrone
457 1375 606 1445 etnotis
623 1381 752 1449 Laura.
764 1380 891 1449 Anax.
910 1383 1149 1452 Zacaonrus

57 1474 102 1547 in
120 1476 361 1547 collectaneis
374 1481 707 1549 Monumeutorum
728 1491 800 1549 vet.
819 1470 1001 1573 Ecclesiae
1022 1502 1150 1576 graec.

59 1600 109 1647 oc
133 1577 199 1647 lat.
224 1604 262 1673 p.
284 1578 355 1649 123
379 1576 454 1672 sqq.
476 1601 546 1647 rec.
564 1576 604 1647 in
622 1583 863 1651 Gaeiannu
882 1578 978 1653 Ililrl.
996 1582 1072 1651 Pe.
1088 1584 1151 1653 VI.

59 1678 147 1751 317.
198 1678 376 1774 Disputat
407 1678 560 1773 quidem
599 1698 767 1753 accurate
801 1696 839 1751 et
873 1678 993 1753 solide
1018 1698 1151 1753 contra

58 1780 344 1875 Apollinarem,
370 1804 659 1872 nonnumquam
676 1799 802 1851 tamen
823 1782 875 1853 ita
895 1782 1089 1877 loquitur,
1106 1800 1152 1857 ut

59 1880 174 1975 iplea
193 1899 292 1955 recta
318 1881 380 1955 via
402 1899 438 1951 et
455 1904 540 1951 vera
560 1881 730 1951 doctrina
755 1881 948 1953 deflectere
966 1884 1150 1958 rideatur.

59 1980 344 2076 Hypostaticam
368 1983 468 2055 enim
496 1980 644 2053 divinae
667 2000 703 2053 et
729 1982 916 2055 humanae
939 2003 1094 2057 naturae
1110 1988 1153 2057 in

61 2080 206 2155 Christo
233 2085 446 2157 unitionem
473 2086 575 2177 μῖξιν,
602 2086 838 2168 tutationem,
865 2084 1027 2177 σύμμιξιν,
1053 2110 1153 2157 com·

60 2188 293 2270 ntiaetr'onem,
313 2184 490 2275 σύγκρασιν,
506 2188 812 2277 temperationem
826 2210 912 2261 cunt
929 2188 969 2258 in
988 2188 1150 2259 excitato

63 2310 190 2383 opere,
214 2304 297 2359 tum
321 2282 448 2382 palhm
471 2286 513 2356 in
540 2286 620 2357 aliis
645 2286 789 2385 scriptis
806 2305 938 2370 νοσεῖς
965 2304 1153 2383 praeterea

61 2406 209 2473 autem,
228 2390 381 2484 quando
408 2388 454 2459 de
479 2388 676 2482 utriusque
700 2406 855 2463 naturae
878 2389 1154 2463 coniunctione

20 2552 32 2565 .
63 2486 221 2577 disserit,
240 2492 468 2574 humanam,
488 2490 602 2563 vilent
620 2489 876 2585 abiectumque
892 2508 1076 2573 naturam,
1100 2491 1155 2565 ita

62 2614 86 2665 a
112 2590 240 2667 divina
270 2590 463 2665 assumtam
488 2590 596 2675 dicit,
633 2609 677 2663 ut
700 2590 745 2663 ab
769 2592 883 2665 huius
906 2590 1155 2666 immensitate

62 2692 171 2769 illam
198 2692 429 2788 absorptam,
456 2691 637 2764 abolitam
661 2708 773 2787 atque
798 2690 1012 2767 exstinctam
1034 2691 1153 2781 fuisse,

64 2792 247 2869 affirmare
271 2796 451 2866 videatur.
506 2796 626 2865 Simili
648 2794 794 2865 ratione
813 2794 858 2865 de
881 2790 1011 2865 Christi
1034 2795 1156 2893 gloria

63 2892 151 2995 poll
183 2894 456 2967 adscensionem
487 2896 527 2965 in
554 2898 697 2967 caelum
721 2914 798 2965 tam
822 2896 1021 2993 magnilica
1041 2896 1156 2971 verba

64 2998 178 3082 facit,
195 3016 240 3068 ut
264 2996 373 3067 facile
396 2997 479 3093 (paris
503 2996 675 3093 suspicari
703 2992 831 3093 polin,
862 2994 984 3091 ipsum
1008 2998 1157 3071 nullam

63 3098 255 3175 humanae
280 3099 401 3169 carnis
427 3094 665 3171 substantiam
692 3118 805 3191 atqua
828 3099 1097 3195 proprietatem
1114 3100 1158 3171 in

94 3198 283 3275 lorisrcato
312 3196 443 3271 Christi
469 3223 630 3295 corpore
651 3197 850 3299 agnovisse.
904 3206 1062 3273 itatem
1089 3200 1156 3271 ob-

66 3228 191 3377 servat
218 3308 454 3373 Zacacnrus
481 3293 717 3393 l'raefotion.
745 3302 946 3373 collectan.
971 3298 1096 3389 §.XX
1120 3318 1159 3375 et

63 3408 171 3476 XXI.
202 3429 239 3499 p.
270 3404 319 3475 21
354 3402 428 3498 sq.;
466 3402 575 3473 fimul
611 3422 736 3473 autem
768 3403 960 3473 mitiorem
997 3398 1160 3477 instituit

58 3505 421 3601 'interpretationem
454 3522 566 3603 atque
588 3504 628 3575 id
653 3504 741 3603 agit,
758 3522 801 3575 ut
816 3502 1027 3595 Nyllenum
1044 3502 1159 3599 sulpi-

67 3606 182 3679 cione
205 3606 359 3688 erroris,
387 3630 463 3699 quo
486 3602 609 3703 postea
633 3606 823 3695 Eutyches
847 3604 1053 3703 implicitus
1069 3603 1157 3691 suit,

66 3706 213 3781 liberet.
265 3706 369 3777 Item
402 3706 580 3781 Ecclesiae
604 3730 753 3805 graecae
779 3706 929 3777 Doctor
955 3707 1159 3803 Origenem

67 3806 272 3903 sequutus,
298 3808 591 3905 suppliciorum,
611 3809 747 3903 quihus
766 3805 933 3881 damnati
950 3808 989 3875 in
1007 3806 1158 3879 inferno
1184 3868 1190 3877 .

69 3906 308 4007 affliguntur,
338 3910 451 3983 linem
477 3928 515 3981 et
539 3912 712 3983 omnium
737 3934 860 3981 rerum
887 3910 1159 3993 ἀποκατάστασιν,

68 4008 147 4083 live
168 4008 440 4083 restitutionem
464 4013 502 4082 in
528 4010 723 4107 pristinum
753 4008 900 4095 ilatum,
925 4004 1093 4094 allirmat,
1115 4026 1185 4087 ut·

69 4117 131 4189 10·
148 4116 372 4193 Dauauus
398 4114 444 4187 do
466 4118 594 4211 poenis
624 4126 660 4187 ct
672 4104 961 4215 settisjrrctioru'lr.
988 4108 1160 4189 lrummu‘s
