2542 4724
34 364 37 369 Ι
116 272 195 345 tut
404 266 485 345 ..0
514 288 604 339 Μ.
639 272 718 343 vn.
769 266 807 353 b.
835 269 899 339 71.
947 324 953 343 ,

65 448 71 461 ’
120 466 336 532 Doctorum
371 450 630 539 succeffioneS,
684 453 911 526 Doctrinam
947 455 1220 554 evangelicdm,

121 560 324 651 Martyria,
377 556 707 651 Persequutiones,
760 553 1047 641 Haereticorum
1082 582 1222 653 pravas

123 661 333 732 sententias.
354 658 388 751 *)

79 768 89 795 ’
141 810 144 815 ·
224 790 455 871 Sacharae,
491 784 556 879 qui
574 781 684 853 libros
703 784 788 852 VH
800 772 988 877 Historiae
1005 774 1218 881 ecclefiasti·

125 908 188 960 coe
209 888 381 981 reliquit,
415 886 460 955 ab
487 910 517 956 n.
543 885 626 956 Chr.
646 882 732 957 306.
759 902 879 975 usque
905 882 954 953 ad
977 906 1009 955 a.
1031 880 1120 957 439.
1181 892 1220 957 Ia

124 1015 210 1086 prae
228 980 309 1060 aliis
327 988 377 1058 ob
393 987 576 1059 iudicium
596 1011 637 1057 ec
658 985 891 1083 diligentiam
907 985 1096 1055 laudatur.

225 1119 421 1184 Hanruus
442 1117 721 1195 Sozorrarrus,
757 1110 822 1206 qui
847 1106 986 1205 scripsit
1003 1108 1138 1183 Libros
1155 1114 1224 1185 IX

125 1205 310 1312 Historiae
342 1204 596 1312 ecelefiaflicoe
629 1236 769 1306 eosque
804 1206 1012 1307 auspicatus
1039 1206 1087 1283 est
1112 1214 1157 1284 ab
1185 1238 1219 1283 a.

127 1320 210 1387 Chr.
228 1314 314 1387 323.
333 1332 382 1400 et,
400 1308 517 1408 adque
534 1308 581 1385 a'c'
593 1318 772 1397 Socrates,
801 1336 921 1405 usque
939 1311 986 1383 ad
1002 1336 1023 1384 a
1039 1312 1123 1385 Chr.
1141 1312 1220 1388 439

50 1440 53 1449 ·
126 1416 310 1514 perduxit.
378 1416 508 1487 Fidem
540 1412 618 1485 eius
649 1413 829 1485 nonnulli
857 1412 1010 1484 dubiam
1039 1412 1219 1499 reddunt,

126 1518 191 1589 alii
206 1535 331 1588 autem
350 1516 550 1587 candorem
567 1514 607 1584 in
625 1514 693 1587 illo
710 1514 868 1586 laudant
886 1531 923 1586 et
944 1513 1021 1610 ipse
1038 1532 1137 1617 certe
1156 1542 1220 1589 ve·

126 1614 246 1713 citatis
263 1614 425 1699 studium
441 1640 529 1712 prae
546 1616 582 1687 se
598 1614 682 1686 fert.

225 1750 563 1841 Turonoaarus,
600 1740 707 1815 euius
732 1740 834 1813 Libri
850 1744 894 1811 V
905 1732 1093 1843 Historiae
1107 1744 1221 1815 ecele-

115 1835 288 1943 fiosticoe
310 1845 357 1913 ad
381 1867 453 1914 nos
467 1861 737 1939 ,pervenerunt
788 1844 1021 1916 Narrationis
1045 1844 1132 1915 luae
1146 1844 1221 1917 ini·

127 1946 225 2017 tium
240 1942 330 2017 fecit
348 1945 392 2016 ab
410 1942 545 2015 haeresi
563 1945 699 2029 Ariana
719 1963 830 2039 atque
848 1944 894 2014 ad
911 1936 1221 2019 mortem'Theo·

128 2047 214 2117 dori
228 2042 483 2142 Mopsvesteni
499 2047 525 2115 s.
547 2046 594 2117 ad
612 2070 643 2117 a.
662 2048 744 2131 Chr.
760 2044 836 2118 437
850 2070 922 2141 pro
968 2044 1061 2117 ellus
1078 2041 1151 2129 est„
1164 2048 1221 2121 ita

126 2167 171 2219 ut
194 2172 288 2244 quae
311 2153 499 2221 aSocrate
522 2171 564 2219 ac
586 2152 799 2220 Sozomeno
829 2071 967 2219 omissar
979 2144 1150 2233 fuerant,
1176 2174 1221 2223 ea

127 2238 323 2345 sup'pleret.
342 2248 400 2339 **)

17 2420 20 2427 ·
227 2376 582 2461 Pnrnosroacros,
611 2374 726 2477 cuius·
738 2400 835 2471 opus
853 2366 1038 2465 Historiae
1054 2368 1222 2476 ecclesu-

116 2470 253 2573 stirae,
290 2478 335 2548 ab
359 2501 390 2547 a.
416 2476 499 2548 Chr·
520 2478 604 2551 300.
632 2502 750 2572 usque
779 2478 827 2547 nd
853 2502 885 2548 a.
902 2476 989 2551 425.
1014 2476 1222 2557 duodecim

124 2579 230 2650 libris
249 2574 481 2662 distinctum,
515 2576 653 2677 iniuria
673 2596 890 2674 temporum
913 2578 1066 2673 quidem
1084 2580 1220 2673 periita

127 2674 285 2775 superest
299 2696 427 2751 tamen
440 2678 750 2775 illiuslipitome,
761 2702 794 2753 ιι
814 2680 947 2753 Photio
964 2676 1053 2751 Cod.
1069 2678 1131 2753 40.
1153 2706 1222 2753 ex·

128 2797 250 2874 cerpta
279 2795 316 2848 et
343 2779 388 2850 ab
416 2779 481 2865 iia,
516 2806 610 2879 quae
640 2782 681 2851 in
708 2780 887 2853 Eiusdem
910 2778 1141 2855 Bibliotheca
1172 2782 1221 2855 da

129 2905 242 2976 opere
259 2878 333 2950 hoc
349 2878 546 2968 habentlr,
576 2881 729 2953 diversa.
781 2884 1011 2954 Arianorum
1029 2898 1067 2955 et
1082 2884 1219 2955 Euno-

126 2982 342 3053 mianorum
358 3000 560 3077 patronus,
587 2982 814 3055 Iudaeorum
832 3007 942 3066 vero,
975 2989 1221 3081 Paganorum

128 3100 166 3155 et
185 3079 652 3168 Orthodoxorumthostis,
686 3084 979 3157 Semi-Arianos
996 3102 1033 3155 et
1049 3084 1221 3157 Catholi-

128 3205 193 3270 coa
213 3184 373 3281 graviter
394 3180 521 3279 palsnn
536 3180 766 3285 perstringit,
802 3184 961 3257 Arianos
981 3210 1069 3257 vere
1085 3202 1126 3259 et
1140 3190 1220 3259 Eu.

125 3285 328 3357 nomianoa
346 3282 513 3358 defendit
527 3284 777 3380 laudibusque
792 3280 915 3373 effert,
951 3284 1053 3357 unde
1070 3284 1139 3357 diu
1155 3282 1222 3373 est.

127 3386 233 3479 quod
258 3383 449 3459 historiam
470 3387 547 3459 eius
566 3412 645 3458 non
663 3384 873 3471 historiam,
910 3386 972 3459 sed
994 3390 1223 3461 Erreonrirrm

127 3490 408 3558 Haereticorum
427 3502 463 3558 et
474 3490 1225 3583 Criminationematquevituperatiorrem

126 3586 1224 3681 onlodoaeoruminscribendameffemonuirrhourulet)

127 3756 336 3771 -Μ

130 3848 171 3871 ·’
202 3844 270 3899 Virl.
307 3850 357 3901 .7.
399 3848 480 3903 .48..

159 3846 200 3978 g)
219 3914 262 3965 Cf.
284 3846 312 3963 s'.
325 3916 364 3979 ΙΑ.
376 3864 647 3969 ltorzermr
676 3916 842 3969 comment.
865 3914 901 3967 de
917 3912 1075 3983 sontibus,
1110 3910 1227 3987 quibus

194 3984 344 4041 Sorrutes,
372 3985 550 4036 sozomenus
573 4000 606 4033 oc
634 3982 835 4036 'slreorloretur
860 3981 893 4035 r'n
917 3982 1069 4043 scribenda
1094 3981 1225 4047 tristaris

185 4050 276 4115 ‘sorra
301 4045 348 4109 uli
366 4049 460 4117 snm,
476 4050 622 4102 adiuncta
640 4068 744 4103 rorum
761 4046 891 4123 epitrilt',
909 4042 1142 4123 ‘0511i115.1825.
1160 4060 1187 4109 l·

159 4120 185 4183 t)
204 4117 370 4175 l'nnrer
382 4118 514 4177 ua'slr'bl.
529 4138 577 4189 gr.
594 4120 667 4179 vlt,
686 4126 746 4177 llo.
