2542 4724
416 266 495 333 Gt
522 264 663 334 rnvn.
718 261 753 349 §.
780 254 841 331 74.
937 338 940 343 ,
1081 251 1182 333 Ι457.

65 474 165 549 gog.
179 448 232 519 od
241 446 351 519 theos
361 441 512 546 univers
527 472 564 539 p,
575 441 673 531 562.;
697 451 778 518 Iac.
788 448 1002 533 Bnocltua,
1012 432 1056 517 ¹in
1066 438 1162 544 Hist.

67 553 151 623 crit.
166 536 307 647 elatus.
321 554 395 635 111,
414 548 500 625 356.

171 690 232 758 De
250 686 421 756 doctrino
438 684 575 754 morali
590 668 758 770 Pastum,
785 690 881 781 quae
895 686 970 756 huc
984 684 1165 780 spectant,

67 789 193 861 multa
211 787 313 859 haud
334 784 803 881 commentaripolsumus.
852 792 957 883 Quae
974 787 1022 889 ad
1039 780 1167 860 mores=
1220 870 1226 885 ,

66 890 277 963 hominum
299 888 508 985 pertinent,
547 911 588 958 ea
606 892 791 961 Doctores
816 882 876 959 isti
895 888 937 959 in
960 886 1105 983 scriptis
1123 912 1168 959 ac

58 990 310 1065 ¹sermonibus
335 989 409 1061 suis
441 989 640 1087 diligenter
669 987 924 1084 praecipiunt:
958 989 1168 1087 sequuntur

67 1110 201 1165 autem
223 1115 400 1163 normam
427 1088 611 1163 sacrantur
632 1090 845 1161 litterarum
876 1114 919 1161 ac
943 1115 1038 1186 quae
1063 1090 1167 1187 apud

67 1194 164 1265 illos
180 1192 226 1265 de
240 1193 318 1264 vite
334 1188 518 1262 sanctiore
533 1191 714 1289 legimus,
749 1216 790 1261 ea
815 1216 861 1261 ex
883 1190 994 1264 fonte
1013 1190 1168 1265 istarum
1220 1248 1224 1255 .

69 1292 202 1369 hausit
218 1294 315 1365 sunt.
377 1293 432 1364 Ac
454 1294 625 1388 quamvis
642 1316 924 1389 nonnunquam
941 1295 985 1363 ab
1009 1292 1086 1367 illis
1112 1294 1169 1364 di-

72 1413 227 1480 cantur,
256 1419 350 1490 quae
365 1393 463 1465 ratio
481 1412 580 1481 recta
600 1418 732 1465 omnes
749 1394 880 1479 docet,
906 1413 1062 1489 propter
1076 1397 1169 1467 haec

72 1514 204 1568 tamen
214 1495 321 1566 'haud
337 1492 574 1567 statuendum
593 1492 662 1579 est,
695 1500 822 1567 Patres
841 1494 1022 1568 Ecclesiae
1037 1498 1169 1570 Philo·

70 1596 248 1693 sophiam
271 1598 455 1669 moralem
483 1596 657 1691 scriptam
688 1594 889 1692 reliquisse,
929 1594 1002 1669 live
1033 1598 1167 1683 ethica,

74 1696 226 1773 live'ius
241 1716 396 1770 naturae
413 1698 655 1795 intelligatur.
711 1698 826 1795 Quod
839 1698 939 1770 inter
953 1702 1084 1771 lumen
1100 1722 1168 1771 n-a·

73 1818 185 1873 turae
211 1823 253 1871 ac
277 1801 436 1899 gratiae,
478 1801 578 1869 inter
602 1799 787 1872 rationem
813 1824 857 1871 ac
879 1800 1107 1895 Scripturam
1131 1806 1166 1871 S.
1214 1800 1217 1805 ’

27 1968 42 1983 ,
74 1898 141 1985 est,
158 1900 356 1973 discrimen
367 1899 520 1995 prorsus
536 1902 747 2013 negligunt,
766 1901 889 1971 necin
904 1899 1168 1974 monumentis

74 2002 155 2075 suis
172 2000 471 2097 Compendium,
499 2021 566 2073 aut
584 2002 746 2093 Syltema
763 2000 1024 2098 philosophiae
1041 2026 1168 2075 mora·

46 2186 52 2195 ¹
73 2104 128 2175 lit
146 2103 461 2193 nobisexhibent.

179 2240 410 2311 Litterarum
428 2239 655 2335 disciplinis,
691 2237 827 2335 quibus
847 2236 1027 2311 Ecclesiae
1042 2246 1168 2315 Patres

78 2342 233 2461 ingenia
251 2341 314 2412 sua
333 2342 436 2413 haud
453 2342 702 2413 excoluerunt
726 2359 838 2433 atque
861 2340 903 2411 in
926 2341 1169 2439 ignoratione

79 2468 212 2517 earum
224 2442 358 2515 versati
375 2442 471 2527 sunt,
490 2446 565 2513 Ars
575 2467 727 2540 quoque
745 2440 877 2513 critica'
888 2443 1171 2515 annumeranda

80 2540 144 2617 est.
204 2543 424 2615 Uberiorem
452 2542 683 2617 occasronem
707 2540 935 2629 habuissent,
978 2544 1014 2615 se
1036 2545 1077 2615 in
1104 2546 1170 2617 illa
1223 2589 1229 2611 2

80 2646 299 2730 exercendi,
326 2671 394 2718 nec
410 2646 639 2717 mediocrem
655 2647 858 2717 utilitatem
877 2646 1123 2740 exspectandi,
1143 2644 1173 2718 si

79 2746 143 2819 illi
160 2746 196 2817 se
212 2747 355 2818 tradere
370 2745 582 2819 voluissent.
617 2744 861 2819 Fraudulenti
877 2765 982 2817 erant
996 2748 1172 2825 homines

82 2848 361 2933 comendatos,
389 2848 455 2943 qui
471 2848 662 2945 fingebant
680 2848 834 2944 scripte,
864 2846 974 2919 falses
989 2848 1172 2919 narratio-

81 2973 153 3024 net
169 2946 374 3032 faciebant,
401 2948 546 3021 fabulas
564 2950 803 3048 spargebant,
828 2974 899 3021 nec
916 2950 1079 3034 deerant,
1106 2950 1175 3043 qui

81 3050 195 3125 facile
220 3048 459 3122 assensionem
483 3050 587 3123 suam
611 3052 839 3148 praeberent.
899 3052 1106 3124 Fraudibus
1130 3078 1173 3123 ac
1210 3138 1213 3143 Ι

81 3150 243 3226 fallaciis
259 3152 317 3223 his
340 3148 497 3224 restitere
520 3152 743 3247 potuissent,
777 3150 806 3224 fi
827 3153 916 3225 artis
941 3152 1087 3223 criticae
1109 3178 1173 3249 pe·

81 3250 170 3337 riti,
206 3278 357 3349 operam
374 3254 415 3323 in
434 3278 477 3324 eo
495 3251 718 3347 posuissent,
754 3271 798 3322 ut
813 3253 946 3349 scripta
965 3253 1171 3327 adulterina

84 3378 107 3425 a
123 3355 329 3453 germanis,
362 3380 420 3428 res
444 3354 552 3429 srctae
576 3382 619 3429 ac
644 3356 924 3431 commentitiae
941 3380 963 3429 a
983 3356 1079 3431 veris
1098 3357 1173 3431 dis·

84 3474 333 3531 cernerentur.
775 3496 778 3503 ·
