2542 4724
116 250 195 337 ott
439 227 528 339 cr
557 265 597 339 ι.
628 247 694 319 x1.
747 242 936 343 §.¹111„
1021 198 1043 344 J
1114 298 1117 303 ,

121 450 159 511 et
180 437 370 513 Dominus
392 421 531 530 noster,
565 453 679 525 quum
702 420 899 528 discipulos
912 421 1006 529 suos
1029 428 1083 503 od
1111 456 1216 526 proe-

121 532 324 608 dicandum
341 537 524 618 mitteret,
552 531 669 602 dixit:
703 537 762 607 lte
780 557 825 601 nc
841 526 968 605 docete
983 553 1116 604 ormres
1131 556 1216 631 gen.

90 670 94 685 ¹
122 653 200 723 tes,
226 630 460 732 baptizantes
481 655 564 720 ens,
590 639 627 704 in
645 636 793 703 nomine
806 635 952 716 Patris,
978 632 1065 703 Filii
1084 649 1123 705 et
1139 637 1217 731 Spi-

121 743 215 811 ritus
232 744 271 810 S.
323 736 405 830 Ipse
422 741 628 807 Eusnmus
653 729 807 805 testatur
829 735 961 805 hocin
979 723 1157 829 Epistola
1175 735 1219 807 ml

124 832 379 943 Caesareanses
408 837 511 941 apud
546 841 775 917 Socuarrm
806 825 904 941 Hist.
930 829 1050 947 eccles
1085 837 1219 913 Lib.L

124 946 212 1037 Cap.
237 941 273 1017 8.
589 1022 592 1027 ,
989 991 993 1003 .

228 1145 349 1241 Quale
388 1140 618 1239 Symbolum
656 1138 759 1236 apud
796 1135 1024 1215 Christianos
1062 1140 1222 1215 Orientir

123 1240 304 1315 ulitatum
326 1244 443 1316 fuerit
472 1263 558 1316 ante
585 1243 803 1317 Concilium
825 1243 1047 1327 Nicaeum,
1069 1238 1224 1316 definire

90 1360 94 1365 ·
123 1346 227 1416 haud
249 1347 348 1430 licet,
375 1371 457 1417 eam
476 1345 526 1417 ob
544 1342 715 1427 caussam,
739 1344 923 1439 quoniam
939 1346 1039 1417 illud
1054 1346 1099 1420 in
1115 1345 1223 1421 variis

125 1445 296 1522 Ecclefiis
328 1448 476 1522 varium
508 1471 663 1542 qnoque
696 1443 773 1521 suit
798 1470 841 1516 nc
866 1444 1066 1521 diversum.
1123 1449 1224 1527 Aliae

64 1542 68 1549 ’
123 1544 316 1619 soimulae
339 1567 445 1621 erant
469 1547 680 1631 breviores,
709 1547 802 1622 aliae
825 1548 1035 1645 longiores.
1090 1548 1223 1621 inillis

18 1694 26 1723 ·.
124 1646 151 1727 s.
185 1648 424 1723 brevioribus
455 1651 586 1720 locum
619 1665 724 1721 tenet
756 1647 978 1748 Syrrrbolmu
1006 1643 1223 1750 Hierosoly·

125 1752 326 1834 rnitnnum,
351 1751 457 1844 quod
475 1724 661 1827 tamenin
682 1768 854 1829 veterum
870 1751 1108 1846 Scriptorum
1122 1750 1224 1823 libris

127 1847 241 1930 etiam
262 1851 403 1922 diversa
420 1851 569 1924 ratione
585 1850 807 1932 recensetur·
858 1857 903 1931 In
918 1853 1109 1951 Liturgir,
1135 1876 1225 1948 quae

41 1988 54 2013 x
126 1952 267 2022 Iicobo
284 1952 475 2040 tribuitur,
494 1952 591 2031 illud
600 1952 650 2024 ita
660 1953 818 2052 legitur:
845 1951 992 2027 Πιστεύω
1009 1959 1050 2039 εἰς
1072 1951 1128 2024 ἕνα
1141 1957 1225 2036 Θεὸν,

125 2055 247 2146 πατέρα
264 2055 528 2151 παντοκράτορα,
555 2057 689 2148 ποιητὴν
712 2051 845 2150 οὐρανοῦ
868 2055 922 2125 καὶ
940 2062 1015 2147 γῆς·
1041 2056 1097 2136 uui
1115 2059 1158 2143 εἷς
1179 2052 1227 2125 ἔκ

126 2152 246 2248 Ku‘prov
269 2159 387 2245 Ἰησοῦν
416 2161 547 2255 Χριστὸν
576 2160 633 2228 τὸν
665 2161 728 2226 υἱὸν
756 2159 853 2233 Θεοῦ.
907 2157 1027 2235 Credo
1053 2161 1093 2230 in
1117 2180 1227 2229 unum

127 2260 254 2329 Deum
276 2259 433 2328 Putrem
459 2261 763 2353 omnipotentem,
784 2250 975 2351 factorem
994 2260 1090 2337 coeli
1108 2272 1145 2331 et
1161 2272 1226 2329 ter·

88 2382 91 2387 ·
128 2383 205 2442 roe,
235 2371 273 2429 et
305 2361 342 2435 in
368 2385 484 2431 uuum
509 2362 719 2430 Dominum
741 2354 862 2456 Iesum
888 2351 1087 2461 Christum,
1101 2354 1226 2463 filium

127 2462 215 2545 Dei,
242 2460 379 2556 quibus
401 2461 526 2532 addita
547 2460 633 2530 lunt
658 2463 770 2532 mirol
798 2456 875 2554 ἑξῆς
900 2465 958 2534 τοῦ
982 2464 1153 2549 συμβόλου
1173 2466 1228 2549 τῆς

128 2572 283 2647 πίστεως,
311 2576 348 2632 et
372 2563 514 2655 reliqna
537 2558 826 2662 Syrnbotifictei.
879 2559 1088 2639 Perfectius
1106 2563 1228 2635 Eccle-

128 2658 1227 2761 lieeSymbolmnhabemusinCrurnu1,Hierosol.Episc‚

133 2756 396 2860 Coteclrefibus,
424 2763 626 2859 inquibus
652 2764 749 2834 illud
765 2765 981 2859 explicatur.
1034 2761 1177 2837 Differt
1192 2761 1230 2835 it

114 2891 152 2935 ·n
169 2866 353 2957 Symbolo
377 2864 546 2936 Nicaeno
574 2889 616 2937 ac
641 2861 1066 2962 Constantinopolitano
1086 2868 1229 2962 hocque

131 2966 242 3037 facile
258 2966 442 3050 videmus,
464 2962 569 3041 srista
591 2965 743 3037 intense
764 2964 1016 3039 conferamus.
1073 2970 1228 3039 Breviua

133 3092 297 3161 qnoque,
332 3084 376 3139 ut
407 3068 569 3151 videtur,
601 3066 784 3141 Ecclesiae
814 3068 1095 3141 Alexandrinae
1126 3075 1229 3161 Sym·

133 3169 268 3240 bolum
294 3167 381 3255 fuit,
408 3168 515 3264 quod
529 3167 641 3240 Arius
661 3187 698 3241 et
712 3170 894 3253 Euzoius,
912 3169 1032 3240 dictae
1051 3168 1229 3242 Ecclefira

132 3271 356 3364 Presbyteri,
387 3294 496 3343 verae
520 3268 716 3343 doctrinae
742 3270 914 3343 addictos
938 3270 974 3341 le
998 3266 1227 3353 simulanter,

134 3372 357 3465 Imperatori
374 3368 622 3443 Constantino
646 3371 907 3459 exhibuerunt·
959 3376 1123 3469 Legitur
1138 3368 1230 3443 illud

134 3473 235 3567 opud
260 3478 490 3545 Sucunrnrt
516 3464 645 3570 Hfior
668 3466 785 3570 eccles
811 3472 911 3545 Libi.
929 3477 962 3548 Ι.
993 3473 1091 3569 Cap.
1109 3473 1171 3547 26.
1196 3487 1229 3543 et

136 3581 411 3645 Sozomnnum
449 3572 549 3644 Libr.
572 3579 624 3645 Π.
659 3566 783 3669 histor.
815 3565 1004 3672 ecclcfinst.
1049 3578 1147 3671 Cap.
1173 3574 1227 3645 27.

134 3675 340 3771 Longioris
358 3675 398 3745 in
416 3673 574 3747 Ecclesia
593 3675 768 3747 orientali
786 3675 909 3746 usitati
922 3675 1101 3767 Symboli
1119 3673 1228 3748 maxi·

133 3802 235 3849 mam
252 3794 397 3871 partem
415 3777 616 3849 Eusebium
637 3778 676 3847 in
695 3776 854 3869 Synodo
871 3778 1034 3848 Nicnenn
1060 3772 1226 3859 recitasse.

134 3879 273 3949 eruditi
296 3879 386 3951 Viri·
401 3879 708 3955 animadvertunt
730 3874 959 3974 haecque'cst
980 3877 1137 3951 ltusobii
1155 3877 1226 3950 lor·

132 3982 251 4064 muln,
271 4002 385 4074 quem
405 3998 511 4051 antea
526 3981 833 4053 memoravimus.
869 3980 984 4078 Quod
1001 3982 1225 4072 Symbolum

135 4081 237 4185 opud
270 4081 434 4159 Orientis
462 4079 687 4161 christianos
713 4081 833 4161 suerit
859 4107 1082 4169 commune,
1108 4083 1228 4161 saltem
