2542 4724
22 266 242 391 “aaa
439 316 685 390 caan.
747 288 868 406 §.aa

106 499 239 599 longa.
288 500 389 573 Eam
406 498 465 596 *ob
490 525 578 573 rem
601 496 792 588 sufficiat,
821 498 1016 597 quaedam
1037 508 1202 578 ‘tantum

107 598 252 701 scripta
281 605 465 689 Patrum,
517 626 618 697 quae
652 601 875 674 'adulterata
919 598 1105 689 fuerunt,
1155 620 1202 678 ut

48 766 51 773 .
106 701 309 801 exempla,
344 697 545 775 adduxille
571 726 615 775 ac
639 700 774 801 postea
791 702 976 775 notitiam
999 702 1202 779 librorum

58 836 63 843 ·
105 798 386 903 suppeditalle,
427 800 500 875 ubi
534 817 816 902 argumentum
848 801 929 878 hoc
963 803 1201 903 explanatur

18 950 20 954 »
107 915 225 1002 atque
248 900 475 977 illustratur.
546 956 550 963 -

545 1074 776 1091 ——tu-n

208 1203 416 1298 specimina
441 1202 717 1298 corruptionis,
761 1227 855 1297 quae
880 1202 1048 1297 suscepta
1080 1202 1130 1279 est
1155 1206 1198 1278 in

105 1303 210 1377 libris
227 1312 380 1376 Pat'rum
396 1303 593 1387 Ecclefiae,
621 1304 819 1400 praebent:

204 1432 376 1513 loriam
393 1430 600 1537 Epistoloe,
616 1432 761 1538 septem
778 1436 982 1537 longiores,
1010 1441 1056 1511 ad
1072 1442 1197 1537 Ephe·

79 1534 191 1642 ¹fios,
235 1541 281 1613 ad
301 1532 544 1639 -Magnefios,
582 1541 629 1610 ad
659 1534 881 1637 Teanenses,
907 1541 964 1613 'ad
987 1546 1194 1629 Romanos,

103 1645 152 1716 ad
164 1635 517 1742 Philadelpliienses,
552 1642 599 1713 ad
617 1637 853 1739 Snzyrneuses
878 1660 914 1712 et
941 1642 987 1712 ad
1010 1644 1195 1744 Polycar-

100 1744 225 1841 pum,
240 1768 331 1839 quas
347 1743 612 1837 interpolatas,
648 1760 685 1813 et
709 1767 775 1841 per
797 1740 886 1813 falsa
910 1742 1071 1837 fictaque
1089 1744 1195 1817 addi·

100 1862 267 1917 tamenta
286 1842 508 1929 auctaselle,
535 1838 766 1917 eruditissimi
782 1845 861 1937 Viri
876 1822 962 1916 latis
981 1845 1195 1940 probarunt

101 1972 145 2018 ac
161 1962 292 2019 contra
311 1969 388 2028 eos,
415 1946 480 2039 qui
497 1946 691 2044 longiores
710 1943 946 2016 brevioribus
962 1935 1192 2047 praeferunt,

99 2047 263 2119 maxime
277 2053 339 2118 W.
358 2054 641 2118 Wurswouum
653 2046 712 2135 *),
731 2046 982 2141 disputarunt.
1018 2053 1192 2144 Interpo-

38 2176 47 2191 ‘
98 2151 195 2221 latae
211 2136 298 2219 illae
321 2146 408 2220 sunt
431 2146 476 2218 ab
494 2147 650 2219 homine
667 2147 826 2233 Ariano,
854 2149 1035 2242 quoniam
1061 2168 1193 2223 aucto·

99 2251 189 2322 ritas
208 2251 365 2348 Ignatii,
401 2266 594 2344 tamquam
617 2246 717 2320 testis
746 2249 791 2320 de
817 2267 964 2322 aeterna
989 2250 1194 2347 divinaque

99 2352 131 2431 J.
159 2352 242 2423 Chr.
266 2352 421 2434 natura,
456 2349 596 2445 impiae
613 2350 842 2421 Arianorum
867 2351 1000 2434 sectae,
1036 2368 1081 2422 ut
1103 2344 1193 2449 pro·

96 2453 220 2524 babile
238 2449 306 2536 est,
343 2450 618 2545 opponebatur.
672 2457 798 2547 Quum
821 2451 938 2549 igitur
963 2449 1190 2528 Whistonus

43 2574 48 2582 ·
97 2555 139 2625 in
156 2550 332 2650 Epistolis
357 2552 414 2623 his
439 2550 676 2647 interpolatis
695 2551 905 2636 inveniret,
938 2576 1032 2648 quae
1051 2554 1191 2629 haereli

96 2653 186 2726 huic
202 2653 352 2736 favent,
390 2654 628 2723 mittimnon
648 2650 716 2736 est,
749 2653 860 2724 illum
878 2678 947 2748 pro
966 2651 1100 2725 studiis
1114 2655 1190 2728 suis

97 2780 182 2851 erga
204 2755 384 2836 Arianos,
424 2777 483 2824 eas
518 2752 732 2849 approbaffe
764 2779 806 2825 ac
835 2751 1012 2837 statuille,
1047 2758 1188 2852 Ignatii

97 2852 281 2951 Epistolas
297 2855 508 2951 longiores,
541 2880 623 2927 non
641 2855 850 2939 breviores,
879 2856 1063 2952 germanis
1081 2857 1188 2956 inge·

92 2955 150 3027 nii
174 2956 433 3029 monumentis
451 2957 749 3030 annumerandas
766 2955 845 3030 elle.

197 3090 507 3165 Caemani-ars
532 3091 638 3163 Aleae
666 3092 791 3177 Libri,
829 3117 925 3188 quos
951 3092 996 3163 ab
1020 3092 1186 3191 antiquis
1214 3144 1233 3157 -

91 3192 299 3265 Haereticis
319 3192 539 3289 depravatos
555 3190 679 3277 inille,
722 3194 883 3265 maxime
905 3193 1022 3265 libros
1049 3198 1187 3294 Hypo·

94 3286 286 3395 typoseou,
310 3295 386 3365 iam
404 3292 549 3364 <ludum
566 3289 797 3366 eruditillimi
811 3296 890 3365 Viri
905 3294 1079 3390 suspicati
1096 3295 1185 3369 sunt

93 3394 273 3489 suamque
290 3396 547 3467 coniecturam
564 3418 646 3466 non
665 3392 731 3466 elle
746 3419 895 3482 vanam,
916 3392 1185 3483 monstrarunt,

95 3519 169 3593 qua
191 3496 236 3567 de
251 3520 290 3567 re
306 3495 486 3595 legendus
503 3490 552 3567 est
567 3500 727 3566 Baaan.
740 3502 938 3580 Gnamon,
955 3497 981 3565 l.
999 3521 1028 3567 c.
1045 3496 1184 3591 p.261.

197 3638 399 3703 Granum
422 3634 558 3726 Opera,
587 3655 680 3727 quae
696 3630 870 3726 Episcopi
887 3635 999 3702 Rom.
1023 3631 1185 3705 adsecta-

92 3749 194 3805 tores
214 3733 538 3816 contaminarunt,
572 3757 616 3802 eo
642 3757 758 3827 pravo
787 3731 964 3815 confilio,
999 3750 1041 3802 ut
1058 3732 1185 3806 videa·

92 3850 154 3904 tur
176 3835 259 3917 ille,
302 3832 487 3904 erroribus
510 3831 689 3904 Ecclesiae
714 3837 823 3906 Rom.
849 3857 929 3904 non
960 3858 1184 3931 repugnare,

91 3934 153 4005 sed
171 3933 347 4033 dogmata
364 3928 700 4028 istius'approbare.
770 3931 977 4007 Ostendant
1001 3935 1078 4006 hoc
1102 3962 1186 4011 non

123 4190 148 4256 ⁶)
167 4188 210 4244 Cf.
230 4207 259 4262 p.
276 4191 335 4245 284»
