2542 4724
30 250 33 254 ’
111 272 208 358 ‘656
266 274 269 282 ·
418 264 607 350 on.
643 278 709 349 x1.
764 277 800 366 s.
830 276 914 349 122.

131 469 259 567 legiae
280 459 368 537 istae
389 462 580 562 leguntur.
640 464 701 534 Ex
729 479 938 536 memorata
961 465 1138 541 insum
1162 472 1230 566 Ep.

131 572 184 643 od
206 572 353 638 Zenom
377 579 414 637 et
434 569 629 648 Sereninn,
653 568 733 634 Ito.
755 569 1027 639 Scnlnuenus
1054 569 1230 643 Etlticom

131 660 369 767 christianam
392 667 433 735 in
447 658 681 762 'singularem
695 663 1001 738 Dissertationem
1021 673 1231 757 transtulit,

52 788 55 793 '
130 773 286 868 Argent.
298 764 407 840 1666.
425 764 462 838 sl.
492 766 585 862 Legi
602 782 639 835 et
655 764 827 858 possunt:
853 768 1232 845 Io.Annn.Scnm1·

56 924 65 939 ,
131 857 601 962 n11Dilsert.de115stini
635 862 842 965 leeologia
871 870 1026 952 morali,
1074 869 1231 945 Helmst.

134 971 244 1045 1698.
271 966 307 1041 sl.
344 986 381 1039 et
407 973 445 1039 G.
470 973 510 1039 F.
537 969 758 1039 sationem
794 961 920 1069 Gesclr.
947 970 981 1039 d.
1008 973 1233 1046 Sittenlelue

132 1074 174 1142 Ie
192 1098 215 1140 ιι
231 1076 285 1155 11,
311 1069 371 1143 93.
953 1120 956 1126 -

171 1065 199 1171 s
236 1177 486 1261 Cnnmnnms
509 1173 619 1242 Alex.
645 1172 921 1269 Paedogogus,
954 1172 1079 1246 tribus
1113 1175 1231 1263 libris,

132 1272 186 1345 ita
211 1271 386 1367 scriptus„
412 1290 456 1342 ut
478 1273 656 1343 nonnulli
680 1273 745 1345 fibi
772 1274 1036 1368 persuadeant,
1064 1274 1230 1359 exhiberi

132 1370 203 1447 ilio
230 1375 497 1469 compendium
524 1373 716 1447 doctrinae
748 1375 927 1460 moralis,
956 1376 1065 1477 qupd
1089 1396 1228 1463 autem,

17 1554 31 1561 ,
133 1474 354 1548 fiaccurute
386 1474 495 1568 loqui
522 1475 702 1560 velimus,
736 1475 790 1545 ibi
820 1500 900 1547 non
927 1476 1138 1549 invemtur.
1189 1486 1228 1551 In

132 1587 255 1673 primo
273 1575 371 1646 libro
392 1575 436 1646 de
451 1575 687 1673 Paedagogo,
714 1600 907 1673 perquem
923 1578 1107 1676 intelligit
1130 1579 1228 1653 chri·

133 1674 250 1760 stum,
277 1676 340 1772 qni
360 1676 554 1760 homines,
583 1702 630 1748 ne
646 1696 818 1770 peccent,
849 1678 1061 1777 paedagogi
1077 1681 1158 1752 vita
1175 1684 1227 1752 in·

71 1818 77 1829 ι
132 1773 278 1861 stituat,
308 1777 353 1845 de
378 1776 566 1871 discipulis
593 1777 617 1847 s.
644 1776 874 1865 Christianis,
910 1781 976 1873 qui
1002 1780 1048 1851 ab
1076 1806 1125 1852 eo
1152 1808 1228 1853 eru·

135 1876 262 1947 diendi
282 1877 385 1963 sunt,
416 1878 534 1972 deque
551 1879 631 1950 aliis
653 1880 763 1953 rebus
783 1878 938 1963 dillerit3
954 1873 1125 1978 secundo
1143 1884 1226 1957 hor·

125 1995 236 2049 tatur
260 1977 484 2051 Christianos
518 1980 563 2055 ad
591 1982 875 2075 temperantiam
905 1981 945 2050 in
972 1981 1081 2069 cibo,
1101 2002 1225 2079 apoto,

133 2078 380 2176 suppellectili
396 2080 591 2165 vasorum,
620 2082 825 2166 conviviis,
852 2081 946 2164 risu,
974 2082 1022 2153 ad
1045 2067 1225 2157 abstin'e'n·

132 2182 227 2253 tiam
252 2182 296 2253 ab
319 2183 424 2252 omni
442 2184 543 2278 turpi
560 2183 745 2268 sermone,
774 2184 818 2254 ab
841 2184 1048 2281 unguentis
1067 2203 1105 2255 et
1124 2210 1225 2259 coro·

133 2283 191 2356 nis
203 2336 213 2368 ,
233 2308 261 2354 u
278 2280 475 2355 stratorum
497 2284 774 2381 magnificentia
795 2284 992 2379 nimioque
1016 2285 1182 2373 somno,
1206 2310 1223 2357 t

93 2444 97 2451 .
134 2385 264 2458 calceis
283 2410 374 2456 auro
394 2386 623 2469 intertextis,
653 2387 697 2455 ab
717 2381 940 2457 ornamento
967 2411 1221 2483 gemmarum

132 2491 241 2558 tertio
261 2504 386 2558 autem
403 2488 562 2581 exponit
580 2486 625 2557 de
642 2488 747 2557 cultu
767 2487 957 2582 corporis,
989 2487 1150 2577 balneis,
1177 2489 1224 2559 ‹ll-¹

132 2590 237 2661 vitiis
262 2607 372 2682 atque
399 2590 500 2671 eliis,
528 2613 622 2682 quae
648 2589 814 2659 eiusdem
842 2587 984 2686 generis
1002 2587 1105 2661 sunt,
1159 2594 1224 2661 Cur

58 2768 61 2773 ¹
132 2692 302 2760 Clemens
320 2690 459 2760 librum
480 2691 583 2763 hunc
600 2690 876 2787 Paedogogum
893 2688 1146 2783 inscripserit,
1172 2691 1223 2763 iu·

133 2790 230 2862 dicat
252 2792 315 2862 ille
332 2791 444 2860 initio
465 2791 552 2860 libri
579 2790 711 2884 primi,
738 2791 867 2875 abiis,
896 2790 960 2884 qui
987 2788 1158 2884 pristinis
1177 2816 1223 2863 er·

130 2895 280 2964 roribus
312 2892 473 2975 reiectis,
502 2894 753 2985 Protreptico,
782 2892 806 2961 s.
834 2892 1096 2963 exhortatorio
1119 2892 1221 2977 libro,

131 3012 237 3064 antea
259 2993 415 3088 scripto,
443 2992 469 3063 s1
490 2993 574 3064 satis
592 2989 759 3064 instructi
777 2993 987 3063 doctrinam
1006 2991 1219 3065 christianae

128 3096 323 3193 religionis
355 3095 633 3194 cognovissent,
665 3119 770 3165 nunc
794 3095 1077 3190 Pocdagogum
1106 3098 1220 3193 legen·

130 3197 222 3267 dum
247 3195 332 3280 else,
360 3215 402 3265 ut
421 3217 457 3266 et
474 3220 520 3267 eo
536 3196 708 3278 videant,
736 3194 934 3288 quomodo
963 3195 1107 3287 prioris
1132 3197 1220 3267 vitto

128 3317 278 3394 peccata
304 3323 345 3369 ac
366 3299 457 3368 vitia
481 3296 550 3368 sint
568 3296 819 3381 emendanda,
848 3296 1010 3366 sanctior
1029 3316 1160 3369 autem
1173 3296 1219 3367 vi·

128 3400 242 3471 vendi
261 3399 357 3470 ratio
378 3399 645 3494 amplectenda.
697 3402 733 3466 Ὁ
752 3395 895 3492 οὐράνιος
913 3396 1053 3489 ἡγεμὼν,
1078 3402 1097 3469 ὁ
1115 3402 1218 3489 Λόγοι,

127 3502 257 3593 ὁπηνίκα
288 3507 342 3590 μὲν
374 3502 422 3571 ἐπὶ
456 3513 603 3597 σωτηρίαν
633 3501 819 3593 παρεκάλει,
857 3502 1092 3592 προτρεπτικὸς
1130 3500 1219 3591 deep!

127 3599 219 3692 αὐτῷ
251 3595 287 3694 ἦν
312 3606 412 3682 ἰδίως·
448 3595 537 3687 οὗτος
573 3607 828 3695 πορσομγτικὸς,
873 3602 909 3669 ἐκ
942 3602 1057 3693 μέρους
1098 3608 1138 3673 τὸ
1165 3606 1218 3671 ris

127 3707 431 3797 προσαγορευόμενος
448 3706 557 3793 λόγος.
602 3705 820 3800 Προτρεπτικὴ
838 3705 896 3796 γὰρ
914 3700 932 3792 ἦ
951 3706 1043 3770 πᾶσα
1060 3705 1216 3787 dtvvffl‘ss·

127 3811 205 3901 ζωῆς
231 3815 285 3895 τῆς
315 3812 368 3876 νῦν
394 3810 446 3875 nui
470 3814 525 3897 τῆς
553 3804 729 3898 μελλούσγς
758 3798 860 3899 ὄρεξιν
884 3806 1060 3891 inps-vussino
1086 3812 1137 3893 τῷ
1155 3828 1218 3893 ω’,-

126 3908 210 4000 γεοὲῖ
234 3912 392 4001 λογισμῷ*
425 3908 487 3978 νυνὶ
515 3911 545 3976 δὲ
569 3908 795 4003 θεραπευτικός
827 3932 863 3977 τε
888 3906 930 3975 civ
956 3905 1012 3973 nui
1041 3900 1215 3985 ὖπολοῐοιὲς

127 4012 196 4106 ἅμα
220 4010 339 4107 ἄμφω,
366 4009 510 4103 ἑπόμενος
537 4007 633 4096 αὐτὸς
665 4006 776 4098 αὐτῷ,
802 4006 942 4103 nuperus-i
966 4010 1006 4078 τὸ
1032 4034 1216 4105 προτετμομ·

126 4117 216 4211 μένον
247 4112 440 4203 κεφάλαιον,
475 4118 541 4185 τῶν
570 4112 602 4182 ἐν
635 4111 708 4207 ἡμῖν
738 4115 851 4182 ποθῶν
885 4105 1141 4205 ὑπισχνούμενος
1168 4110 1215 4191 titt
