2542 4724
135 267 209 344 126
464 264 509 363 fc
537 285 564 336 r
590 290 625 339 r.
663 268 714 341 11.
767 262 799 361 ς.
827 265 887 344 15.

134 458 359 561 Hieronymi
383 454 548 551 Operum
575 459 682 527 Tom.
702 458 779 541 IV,
813 458 851 527 in
867 452 973 527 binas
987 470 1116 554 portes
1132 454 1230 527 divi·
1249 498 1269 547 ῃ

125 553 216 662 Jus,
244 581 327 643 com
355 556 489 629 lectens
508 556 805 628 Commentarios
823 582 949 629 omnes
966 561 1003 628 in
1013 561 1071 639 N.
1099 560 1143 629 T.
1169 556 1269 651 atq

135 685 205 757 que
243 583 414 754 epistites
450 661 599 728 criticos
630 658 793 730 eiusdem
824 663 1055 758 argumenti,
1097 658 1230 731 ordint

134 760 314 833 librorum
328 761 543 855 Scripturor
558 762 596 829 S.
612 749 774 858 pofitos:
786 760 929 841 ¹deinde
953 774 1104 831 cunctos
1131 760 1229 833 olias

133 852 322 959 Epistolos
338 861 466 933 ordine
484 858 770 959 chronologico,
805 886 902 930 nunc
916 865 1081 956 primum
1106 860 1229 933 editor
1248 918 1269 941 „

135 978 173 1036 et
190 967 228 1034 in
242 965 369 1033 varias
385 951 510 1061 cloffes
527 951 757 1058 distributos,
785 984 815 1032 c.
837 963 870 1034 0
899 955 1033 1062 usculis.
1044 962 1227 1061 apologc·

134 1068 216 1137 ticis
232 1078 269 1135 et
282 1062 492 1158 polemicis,
519 1063 571 1133 od
579 1056 705 1163 fidem
723 1054 854 1158 vetusti
882 1115 891 1132 .
910 1064 1088 1137 Codicum
1104 1086 1228 1134 recen·

124 1158 210 1266 fitis
226 1189 273 1236 ac
287 1154 470 1259 reseratis,
496 1168 578 1241 rar.
596 1160 843 1255 Πυθέου)
896 1171 1044 1237 Tamus
1067 1163 1231 1261 denique
1250 1156 1269 1243 ἶ

135 1265 413 1363 quintus·huiue
429 1259 478 1336 est
490 1263 765 1360 inscriptionis:
792 1269 830 1336 S.
842 1259 986 1367 Eusebii
1001 1265 1229 1365 Hieronymi
1253 1260 1262 1271 ’

137 1370 304 1465 Operum
321 1369 427 1438 Tom.
450 1369 494 1435 V
491 1417 502 1451 ,
536 1366 779 1459 complectens
793 1369 914 1437 vitam
932 1368 970 1440 S.
987 1367 1227 1465 Hierony-mi.
1252 1434 1269 1481 1

129 1462 161 1541 ἀ
176 1464 319 1561 duobus
334 1459 762 1566 Anonymissoriptomr
790 1469 1022 1567 Cotologum
1041 1466 1227 1539 Gertuodii
1254 1538 1269 1555 ,

135 1570 181 1643 de
194 1572 284 1641 viris
300 1557 520 1664 illustribus3
537 1561 722 1668 Opuscula
740 1572 867 1639 omnio
874 1559 1127 1669 suppofititio,
1144 1558 1230 1639 tirm
1254 1568 1269 1667 ’1

132 1672 255 1756 edito,
281 1695 396 1763 quam
418 1669 577 1754 inedito,
614 1695 643 1739 c.
670 1671 873 1765 appendice
895 1660 1129 1769 curiofiffimo
1148 1666 1229 1745 the,-
1256 1670 1269 1733 ἶ

122 1762 226 1873 fiam
250 1784 287 1842 ct
309 1771 347 1841 di
360 1773 602 1865 putationum
624 1773 661 1841 in
685 1768 809 1841 Biblia
831 1763 968 1871 soora,
995 1796 1089 1866 quos
1115 1782 1231 1843 antea
1264 1758 1269 1791 ¹

134 1872 257 1944 nullus
270 1894 321 1968 po
338 1875 423 1942 teris
444 1872 672 1957 tradiderat,
706 1878 785 1943 Par.
804 1869 913 1944 1706.
938 1869 1010 1945 fol.
1062 1869 1125 1943 De
1148 1868 1230 1943 edi·
1250 1864 1263 1903 ''

134 1975 242 2046 tione
262 1975 334 2044 hac
345 1973 573 2064 Hieronymi
586 1978 913 2045 Mtnmunuus
931 1991 1063 2055 nactus
1081 1968 1131 2043 est
1148 1970 1230 2043 Λᾶ·
1263 1980 1269 2017 ²

36 2158 40 2163 1
133 2073 335 2160 versutior,
364 2074 463 2144 inter
479 2098 576 2168 quos
595 2075 782 2171 principer
807 2072 980 2147 fuerunt:
1015 2076 1269 2173 Ricu581s³

134 2196 231 2251 uon
260 2194 297 2248 et
312 2181 370 2247 Io.
390 2179 614 2245 Cunnrcus.
667 2176 735 2247 Ille
757 2177 944 2275 pugnavit
970 2193 1103 2251 contra
1122 2176 1269 2247 Mor-'²

134 2276 274 2350 tiennei
287 2276 570 2369 Hieronymum
588 2300 669 2348 non
689 2276 809 2349 solum
825 2276 867 2348 in
891 2276 989 2349 libro
1007 2277 1124 2373 paulo
1142 2292 1232 2347 ante
1263 2284 1269 2377 ᾖ

133 2396 369 2465 memorato;
402 2376 465 2450 sed
491 2377 603 2459 etiam
619 2377 660 2447 in
676 2382 820 2450 Lettres
841 2381 1009 2472 critiqucs
1027 2377 1119 2448 etin
1140 2380 1232 2449 Let·
1266 2418 1269 2430 =

136 2495 211 2552 tres
228 2469 375 2576 choisies
390 2483 418 2549 1.
438 2503 475 2572 p.
492 2478 581 2549 222.
591 2502 602 2561 3
628 2476 690 2549 hic
706 2497 852 2562 autem,
885 2479 926 2550 in
947 2468 1232 2583 Quaestiouibus

133 2581 453 2679 Hieronyurianis,
469 2574 619 2649 Amstel.
639 2578 747 2650 1700.
761 2578 797 2652 8.
825 2579 917 2651 etin
935 2576 1110 2652 Biblioth.
1131 2575 1231 2661 choi·
1266 2598 1269 2631 ³

60 2710 66 2721 ·
124 2674 199 2785 fies
214 2686 337 2764 XVII,
368 2682 399 2751 1.
460 2674 640 2749 Hostibus
664 2680 722 2752 his
749 2685 1070 2751 Mrnmnrnus
1094 2672 1231 2751 restitit

135 2808 179 2853 ac
195 2778 351 2853 caussam
368 2778 472 2850 suam
489 2779 566 2879 egit
584 2799 714 2852 contra
732 2782 926 2853 Simonem
944 2784 984 2854 in
999 2772 1166 2879 Disense
1183 2780 1233 2853 dc

136 2883 176 2954 io
199 2879 305 2953 Biblc
326 2881 371 2952 de
393 2884 432 2951 S.
450 2882 596 2952 Ierdme
619 2896 744 2952 contre
769 2884 808 2954 la
834 2885 984 2977 critique
1004 2882 1049 2954 de
1071 2886 1150 2952 Mt.
1172 2882 1233 2953 Si·

135 3007 246 3067 mon,
274 2987 354 3053 Par.
372 2980 482 3055 1699.
506 2982 541 3055 8.
570 3006 613 3052 ac
629 3001 761 3054 contra
777 2984 961 3055 clericum
979 2985 1021 3055 in
1037 2982 1232 3055 Eruditio-

135 3088 191 3157 nis
206 3086 528 3182 Hieronymionae
543 3080 652 3179 defen
668 3108 771 3169 rone,
798 3090 879 3155 Par.
900 3086 1008 3165 1700,
1025 3084 1083 3168 8.,
1120 3080 1230 3179 quod

134 3185 314 3281 scriptum
329 3189 652 3257 Mnnmnnnus
670 3186 862 3259 transtulit
877 3186 990 3258 etiam
1006 3184 1049 3256 in
1065 3188 1231 3255 Hmno·
1247 3218 1253 3229 ·

134 3308 246 3359 nrnu
267 3288 363 3382 Opp.
382 3290 454 3371 111,
486 3286 595 3359 1138.
659 3292 702 3357 In
727 3287 1009 3359 concertatione
1034 3287 1104 3356 hac
1126 3300 1232 3357 utra·

135 3412 210 3485 que
230 3411 315 3483 pars
338 3385 505 3485 neglexit
526 3388 626 3485 leges
643 3387 915 3460 moderationis
934 3412 976 3459 uc
992 3387 1158 3459 nimium
1172 3384 1232 3459 in·

136 3485 246 3561 dulfit
262 3488 379 3559 animi
395 3482 599 3561 affectibus.
618 3487 675 3580 **)
734 3508 737 3517 '

135 3660 346 3681 m—

168 3759 193 3824 0)
211 3753 300 3813 Tom.
324 3755 367 3813 1v
388 3762 417 3811 ct
439 3755 468 3814 V
490 3755 681 3811 recensentur
702 3757 734 3811 in
756 3748 850 3812 Mim.
868 3758 906 3811 de
933 3758 1077 3812 Trruout
1101 3770 1129 3812 ι.
1153 3758 1234 3814 tror.

203 3824 286 3880 Febr.
301 3843 329 3899 p.
345 3830 406 3884 297.
420 3841 454 3880 ac
468 3823 578 3880 Journ.
593 3826 644 3879 des
658 3825 775 3880 Sauum
789 3845 815 3880 r.
831 3832 909 3885 2700.
927 3826 997 3880 Νου
1022 3846 1050 3900 p.
1066 3828 1128 3882 960·

168 3921 212 3999 ⁸⁶).
229 3918 275 3972 De
291 3918 430 4002 ,editione
449 3916 508 3999 inc
532 3919 696 4011 &mimi
718 3937 752 3998 aq
775 3918 896 3991 singulis
921 3918 1005 3971 illim
1027 3916 1133 3972 Tomir
1157 3932 1232 3969 con·

202 3996 527 4112 1101111011
544 3984 1233 4134 ttctffff’ssstitt?dtttt'nffidttt:

202 4143 244 4179 ou
266 4124 364 4194 Proef.
387 4126 430 4180 od
455 4125 608 4182 'stactem
629 4123 817 4181 Borrama
843 4124 960 4181 Catenis
983 4124 1116 4181 Petrum
1140 4140 1171 4196 p.
1187 4124 1230 4178 96.
