2542 4724
327 278 415 357 ci
442 302 479 353 ι.
505 224 604 353 aar.
654 270 935 367 §.aaa-134¹.
1103 281 1181 361 aaa

85 478 243 555 autem,
269 487 352 561 quo
379 460 451 538 ista
476 462 747 563 explicarunt,
770 487 857 538 non
913 462 1047 541 enitnc
1067 466 1179 542 vitiis

84 581 216 653 caret,
243 589 346 663 quae
370 567 434 641 uti
455 566 500 638 in
526 562 845 638 aliissanctioris
901 566 1079 643 octrinae
1104 566 1182 645 ‹lis-

84 666 260 767 cipliuis‚
288 667 343 761 ita
367 666 411 741 in
434 665 641 766 theologia
657 688 819 771 quoque
841 665 1068 769 dogmatica
1083 692 1182 768 pro-
1243 714 1246 723 ·

85 766 288 842 diderunt
1234 772 1246 797 ¹

187 877 379 969 Dogmata
412 869 500 943 fidei
531 887 569 941 et
600 893 640 941 ea
665 867 852 964 inprimis,
880 895 977 963 quae
998 871 1180 961 Ecclesiae

82 974 289 1059 Lutheriaa
313 971 532 1069 principalia
548 970 625 1041 visa
642 969 746 1055 sunt,
764 988 863 1042 recte
877 972 1032 1066 quidem
1050 979 1176 1051 Patres

83 1074 342 1158 tradiderunt,
369 1099 447 1145 non
480 1072 619 1159 omnia
643 1090 769 1143 autem
793 1098 930 1159 eorum¹
956 1075 1087 1168 capita,
1115 1100 1180 1151 ao*

84 1195 214 1247 curate
225 1176 323 1259 satis,
341 1171 519 1256 distincte,
538 1172 740 1269 perspicue.
791 1179 882 1243 Non
897 1174 1019 1246 verbis
1035 1176 1178 1275 semper

83 1275 140 1347 usi
162 1277 264 1362 sunt,
297 1300 392 1370 qnae
408 1274 602 1347 necessaria
627 1290 744 1357 erant,
768 1273 833 1344 ubi
855 1273 1057 1349 sententiae
1079 1281 1179 1377 ipsae
1216 1266 1223 1297 ’

81 1396 186 1451 recto
209 1379 368 1475 exprimi
392 1377 575 1449 debebant
596 1378 656 1447 vel
679 1374 858 1447 formulis
886 1374 1046 1462 dicendi,
1069 1384 1180 1454 theo.

80 1480 186 1577 logis
223 1477 450 1551 nostratibus
484 1477 724 1549 solemnibus.
785 1483 904 1549 Natae
938 1503 985 1549 ex
1015 1504 1059 1550 eo
1090 1484 1179 1557 sunt

81 1578 275 1677 perversae
291 1580 619 1675 interpretationes
637 1603 781 1660 eorum,
799 1603 894 1672 quae
903 1582 1027 1651 Patres
1045 1580 1179 1683 scripta

83 1681 330 1776 reliquerunt.
382 1681 557 1753 Praebuit
581 1681 671 1750 haec
693 1680 878 1773 loquendi
901 1681 1011 1763 ratio,
1028 1707 1109 1756 non
1125 1686 1178 1759 sa·

81 1783 135 1855 tic
165 1800 335 1855 accurata
368 1801 546 1879 aptaque,
579 1780 773 1852 materiam
807 1779 1108 1875 disputationum
1134 1812 1179 1860 ao

82 1882 434 1955 controversiarum.
485 1881 636 1954 Paucisr
670 1887 797 1954 Patres
825 1883 962 1959 melius
984 1883 1179 1970 interdum

83 1985 288 2073 senserunt,
306 2010 420 2085 quam
435 1982 591 2087 loquuti
606 1982 705 2059 suut.

524 2128 527 2145 '
546 2173 583 2261 a.
635 2167 721 2244 133.

182 2280 291 2379 ,Sunt
316 2329 479 2403 quoquo
504 2326 663 2378 errores
686 2307 850 2377 Patrum
874 2280 929 2381 ita
946 2300 1107 2397 diversi,
1130 2326 1178 2391 ut

85 2403 155 2479 alii
180 2406 260 2479 illis
278 2424 383 2480 ¹vere
408 2404 649 2493 tribuantur,
677 2404 744 2477 alii
767 2417 902 2477 autem
916 2400 1174 2505 affingantur.

82 2504 285 2581 Posterius
302 2507 518 2608 praecipue
537 2506 585 2578 ab
602 2507 652 2579 iis
671 2502 736 2592 fit,
760 2503 831 2601 qui
855 2503 1065 2584 sententias
1085 2509 1178 2589 suas
1256 2596 1266 2613 ,

82 2611 250 2681 Patrum
277 2609 511 2683 auctoritato
532 2607 639 2680 tueri
662 2606 808 2681 volunt
830 2602 951 2703 seque
986 2633 1080 2683 cum
1110 2612 1177 2691 hia

84 2706 325 2797 consentire,
351 2706 689 2811 aliispersuadere
713 2705 960 2783 annituntur.
1002 2709 1065 2788 Ad
1081 2738 1178 2794 con.

83 2808 309 2883 sensionem
324 2811 429 2883 hanc
444 2807 717 2909 probandam,
739 2812 903 2881 Patrum
919 2802 1036 2883 effata
1050 2839 1094 2913 pr
1102 2838 1178 2893 avo

84 2911 401 3009 interpretantur
419 2926 535 3008 atque
551 2910 607 2983 itu
625 2906 833 3009 dogmata,
852 2934 954 3006 quae
969 2935 1180 3011 nunquam
1212 2998 1217 3009 ¹

86 3010 337 3101 docuerunt,
377 3011 471 3113 ipsis
503 3008 741 3087 adscribunt.
793 3009 1025 3085 Eiusmodi·
1045 3014 1179 3097 nisum

85 3110 196 3213 apud
210 3109 459 3203 Pontificius,
483 3109 756 3203 Reformatos‚
781 3111 1034 3210 Socinianos‚
1054 3120 1180 3200 Funa-

84 3212 189 3289 ticoa
207 3229 326 3315 atquc
345 3215 445 3289 alios
466 3214 713 3294 invenimus.

547 3384 582 3475 t.
638 3378 725 3464 nr.
821 3462 835 3487 ,

188 3518 429 3595 Accedimus
470 3518 522 3593 ad
562 3543 651 3593 rem
681 3516 828 3694 ipsam,
858 3535 1028 3621 propter
1058 3549 1180 3619 quam

702 3619 940 3719 uscepimus,
966 3622 1011 3696 id
1036 3624 1104 3714 est,
1129 3628 1182 3709 acl

86 3723 518 3797 eonnnemorationem
540 3746 747 3809 errorum,
763 3722 808 3797 iu
824 3722 969 3818 quibus
986 3728 1121 3803 Patres
1139 3728 1181 3807 su

84 3820 264 3897 versatos
295 3819 385 3911 esse,
407 3823 451 3896 in
476 3822 631 3923 scriptis
656 3820 735 3895 suis
753 3820 910 3921 ipsimet
928 3823 1056 3899 testati
1075 3827 1179 3910 lunt.

84 3923 440 3999 Enumerabimua·
458 3949 528 3998 eos
562 3922 708 3999 ordine
744 3925 962 4021 temporis,
1003 3952 1087 4023 quo
1117 3930 1181 4011 illi

84 4023 277 4098 vixerunt
301 4041 419 4122 atquo
447 4051 495 4098 ex
510 4023 787 4098 monumentis
804 4048 947 4099 eorum
969 4024 1021 4100 do
1037 4034 1181 4126 quavis

84 4120 943 4229 falsupersuusiouetestimoniaadducemus.
976 4128 1081 4211 Srun
1095 4132 1179 4216 isti:

84 3620 344 3720 scriptionem
372 3621 510 3721 capitis
539 3620 661 3695 huius
