2542 4724
97 238 173 313 XII

76 423 289 521 ,viresque
322 416 506 518 corporis
539 388 758 490 debilitant.
813 421 949 523 Quum
978 418 1025 493 in
1050 415 1194 496 statnm

85 557 207 633 'hunc
238 554 453 628 translatus
478 548 620 642 ollem,
649 550 940 627 Bibliothecam
965 553 1070 628 hanc
1096 580 1194 630 con-

95 689 269 767 scribere
299 689 382 763 iam
418 666 652 786 coeperam3
678 687 1193 788 nonplura'autem,nis1

96 822 200 901 duae
234 822 441 926 plagulae,
477 818 696 921 composita
723 837 846 898 erant.
898 827 998 899 Eam
1025 824 1078 900 ob
1102 852 1191 901 rem

94 978 263 1038 omnem
295 956 583 1057 cogitationem
618 954 669 1029 de
701 956 806 1033 libro
837 958 918 1035 hoc
944 958 1189 1035 absolvendo

94 1110 215 1192 atque
244 1093 291 1167 in
321 1091 527 1194 publicam
558 1090 695 1165 lucem
719 1090 943 1169 emittendo
967 1093 1114 1186 abieci,
1145 1095 1191 1170 iu

91 1225 392 1332 persuafionem
417 1225 629 1316 adductus,
655 1223 685 1301 fi
709 1226 754 1300 in
783 1226 946 1304 decreto
967 1228 1018 1303 de
1038 1229 1191 1305 Biblio-

89 1365 209 1440 theca
233 1363 309 1438 hac
335 1359 562 1460 evulganda
588 1385 892 1462 permanerem,
921 1377 1105 1438 acturum
1120 1391 1188 1440 me

93 1497 185 1589 effe,
213 1492 325 1597 quod
350 1520 502 1571 vanum
517 1493 564 1585 stt
586 1496 850 1597 acvoluntati
867 1495 1028 1572 ditinae
1045 1497 1188 1574 adver-

39 1606 43 1613 1
92 1626 213 1711 [etur.
269 1635 349 1735 Spe
378 1647 514 1706 tamen
537 1628 720 1704 melioris
744 1630 987 1708 valetudinis
1019 1659 1189 1736 recupe-

90 1768 240 1848 randae
259 1793 304 1841 ac
322 1763 435 1841 fideli
449 1766 621 1839 aliorum
636 1764 866 1840 hortatione
883 1767 1085 1858 incitatus,
1103 1771 1187 1871 pri·

89 1907 239 1985 stirmm
252 1902 435 1977 laborem
451 1899 588 2000 recepi
607 1924 652 1972 ac
673 1897 863 1999 [iugulari
878 1904 1004 2002 gratia
1017 1905 1100 1978 Dei
1118 1903 1186 1977 ad.

87 2041 215 2131 intua,
225 2039 271 2113 in
288 2063 337 2113 eo
348 2052 430 2111 tam
445 2030 618 2109 feliciter
627 2030 856 2135 progrellus
866 2034 966 2128 lum,
980 2054 1026 2111 ut
1035 2039 1186 2114 librum

16 2184 23 2199 ”
88 2175 223 2278 ipsum
244 2197 354 2249 nunc
381 2169 482 2245 iuris
503 2167 658 2271 publici
681 2165 814 2243 facere
839 2194 984 2268 queam
1006 2188 1123 2271 atque
1139 2173 1186 2248 in

87 2313 225 2388 lucem
248 2307 452 2396 emittere,
483 2330 570 2379 non
595 2304 640 2378 in
664 2299 769 2381 flore
796 2307 954 2397 aetatis;
979 2306 1049 2383 led
1072 2304 1185 2404 quod

88 2448 209 2522 etiam
229 2412 274 2520 in
298 2443 455 2542 magnis
472 2439 555 2513 Dei
572 2434 781 2515 beneficiis
797 2440 1097 2515 numerandum
1115 2442 1181 2532 est,

65 2581 340 2689 'insenectute
351 2575 702 2651 annorumLXXV
703 2576 751 2648 ΙΙ.
778 2574 1180 2675 ItabenignusDeus,

86 2715 314 2792 misericors
340 2712 385 2787 in
411 2711 523 2785 caelo
547 2712 677 2800 Pater,
703 2733 798 2810 erga
819 2735 888 2785 me
910 2684 1071 2785 abunde
1085 2738 1182 2814 pro-

61 2834 64 2839 ·
83 2850 208 2939 bavit,
224 2848 264 2923 le
278 2843 378 2952 poffe
393 2874 501 2922 omne
519 2850 631 2948 longe
648 2848 831 2948 longeque
845 2840 1023 2946 copiofius
1037 2849 1178 2947 facere,

85 3015 201 3085 quum
216 3012 284 3058 nos
296 2979 455 3086 poscere,
488 3000 554 3057 aut
577 2987 770 3084 cogitaret
794 2979 834 3057 se
851 2977 927 3055 elle
945 2976 1091 3084 corfilio
1110 2990 1179 3057 mi·

84 3149 169 3195 rum
181 3137 219 3196 et
236 3124 383 3194 ratione
398 3145 593 3219 magnum.

184 3259 250 3333 De
276 3253 526 3330 Bibliotheca
550 3252 626 3329 hac
650 3250 744 3355 ipsa,
768 3280 890 3355 quam
909 3280 1019 3331 nunc
1037 3254 1087 3329 ad
1101 3282 1178 3359 pu·

81 3393 237 3471 blicum
258 3390 375 3466 ulum
399 3386 624 3482 transfero,
651 3389 781 3492 deque
805 3392 914 3465 illius
937 3391 1095 3466 ratione
1117 3390 1177 3466 di·

82 3527 176 3604 xille
212 3520 392 3617 sufficiat,
427 3550 516 3601 eam
545 3525 695 3600 habere
729 3524 1053 3616 similitudinem,
1089 3526 1175 3600 imo

84 3663 411 3741 convenientiam
428 3688 520 3737 curn
535 3659 785 3735 Bibliotheca
801 3661 1042 3760 theologica,
1060 3677 1176 3736 antea

81 3827 105 3875 a
126 3824 194 3874 me
219 3798 334 3873 edita.
389 3802 548 3899 Spectat
574 3794 719 3907 istaxad
733 3801 870 3871 Patres
896 3796 1052 3872 ordinis
1074 3795 1175 3870 sacri

81 3952 197 4033 atque
213 3958 357 4009 eorum
370 3931 609 4032 scriptorum
617 3932 802 4006 notitiam
818 3929 1056 4033 suppeditat,
1070 3957 1173 4030 quaa

82 4068 134 4145 ad
167 4069 259 4142 illos
286 4069 500 4167 pertinent.
554 4067 813 4167 Argumentis
837 4065 917 4142 suis
953 4094 1079 4166 quum
1102 4067 1173 4143 illa

80 4206 187 4283 inter
208 4202 248 4279 sc
276 4198 479 4292 differant,
503 4199 660 4279 ordinis
682 4202 786 4279 ratio
807 4200 1036 4305 pullulavit,
1062 4218 1109 4278 ut
1126 4227 1173 4279 ca
