2542 4724
326 274 414 361 Ca
442 308 477 356 ι».
505 284 607 361 xm.
650 282 696 375 ᾗ
725 282 811 359 126.
841 285 926 361 ¹27.
1106 286 1184 365 681·

544 474 579 569 ς.
634 471 720 547 126.

85 716 101 723 ..
186 638 298 747 Quid
322 638 372 719 de
397 649 560 715 Patrum
581 636 782 715 Ecclefiae
807 639 1015 739 theologia
1036 644 1184 723 morali

81 742 130 821 sit
152 743 426 831 statuendum,
463 768 540 839 qua
564 743 609 815 iu
634 740 924 817 existimatione
948 744 1017 817 illa
1040 745 1183 821 haberi

82 846 249 935 debeat,
278 842 453 941 orraellio
482 841 555 927 est,
583 868 684 941 quae
711 840 935 918 distinctam
958 844 1182 944 responsio-

79 974 178 1027 uem
201 946 384 1048 postulat.
439 942 592 1049 Quodsi
620 945 729 1017 enim
759 943 809 1017 ad
833 944 1074 1021 methodum
1097 949 1183 1023 arri·

80 1076 199 1127 mum
216 1046 484 1135 advertimus,
514 1072 591 1143 qua
611 1050 749 1119 Patres
765 1045 810 1119 in
831 1049 1077 1145 argumentis
1094 1074 1183 1131 mou,

79 1150 234 1233 ralibus
258 1148 490 1223 enarrandis
509 1145 567 1220 uli
584 1146 696 1235 suut,
723 1171 808 1219 non
829 1148 991 1247 penitus
1010 1150 1079 1221 illa
1096 1151 1182 1231 laus

83 1250 237 1339 danda,
265 1265 332 1323 aut
358 1246 614 1348 approbanda
635 1247 700 1321 est.
756 1250 925 1349 Qualem
941 1250 1183 1325 methodum

79 1351 127 1431 in
141 1357 306 1429 Patrum
322 1348 396 1425 scri
412 1351 476 1423 rtis
498 1349 704 1427 sanctioris
730 1347 937 1434 doctrinae
955 1348 1182 1451 deprehen-

81 1452 242 1541 dimuS,
279 1380 440 1550 quando
468 1449 656 1547 dogmata
681 1450 749 1523 vel
775 1448 940 1525 tradunt
967 1465 1087 1549 atque
1115 1478 1183 1539 en·¹

79 1552 257 1655 plicant,
304 1554 371 1628 vel
414 1550 461 1623 ab
500 1550 736 1625 adversariis
769 1547 1016 1639 defendunt,
1063 1554 1183 1629 talem

82 1656 204 1731 etiam
218 1654 263 1727 in
279 1654 501 1729 moralibus
518 1678 663 1747 eorum
676 1654 953 1743 monumentis
971 1652 1180 1737 habemus,

79 1759 230 1855 Neque
249 1756 508 1829 accuratioris
534 1752 711 1843 ordinis,
738 1778 871 1853 noque
889 1752 1013 1829 iustae
1030 1780 1074 1829 ac
1090 1754 1183 1831 soli-

81 1854 157 1933 dae
176 1856 429 1959 probationis
454 1853 618 1931 studiosi
635 1871 758 1933 erant.

183 2014 479 2115 Intelligendum
515 2014 592 2085 hoc
621 2010 672 2089 est
697 2014 896 2110 praecipue
921 2013 967 2085 de
993 2015 1180 2103 Patribus,

80 2116 149 2211 qui
171 2117 334 2188 maxime
354 2118 474 2187 tribus
493 2114 685 2212 prioribus
702 2116 832 2189 seculis
850 2118 1037 2189 vixerunt.
1090 2124 1181 2190 Ver·

81 2218 152 2291 sati
166 2218 223 2289 illi
240 2222 406 2291 multum
429 2218 570 2289 suntin
587 2217 683 2301 illis,
709 2242 804 2313 quae
830 2218 877 2291 ad
895 2218 1025 2311 ἄσκησιν
1040 2218 1180 2317 specta-

80 2322 195 2404 bant,
224 2345 266 2391 ac
291 2345 410 2415 quum
428 2319 521 2391 alios
536 2314 756 2417 instigarent
772 2344 814 2391 ac
829 2340 1116 2394 commoverent
1133 2322 1181 2397 ad

80 2418 200 2497 studia
221 2421 413 2499 sanctioris
430 2423 539 2504 vitae,
567 2420 793 2493 methodum
811 2422 1002 2493 asceticam
1020 2420 1180 2518 sequuti,

81 2541 299 2595 accuratum
320 2524 492 2595 ordinem
517 2520 773 2621 negligebant.
828 2524 962 2597 Seculo
985 2544 1118 2620 quarto
1138 2548 1181 2599 ac

82 2627 221 2721 quinto
257 2650 349 2696 vero
378 2624 606 2718 antiquioris
631 2622 812 2694 Ecclesiae
836 2630 1025 2696 Doctores
1049 2652 1180 2721 coepe·

81 2744 193 2811 runt,
221 2727 262 2796 id
281 2728 478 2823 diligenter
495 2750 640 2808 curare,
668 2741 712 2795 ut
735 2724 882 2801 scholae
899 2727 1120 2800 inservirent
1139 2753 1182 2799 ac

81 2829 256 2901 methodi
292 2828 510 2923 ordinisque
541 2827 688 2925 regulas
723 2824 975 2920 sequerentur.
1036 2835 1080 2900 In
1105 2829 1182 2901 illis

81 2932 257 3027 princeps
288 2926 365 3003 fuit
389 2918 620 3029 Augustinus
654 2952 697 3000 ac
724 2930 935 3028 permultos
965 2948 1099 3007 nactus
1132 2926 1183 3008 ett

82 3030 242 3109 asseclas.
575 3046 580 3055 '

543 3156 577 3251 §.
633 3158 718 3233 127.

186 3324 250 3401 Ad
268 3330 430 3399 Patrum
458 3320 645 3425 dogmata
669 3325 840 3401 moralia
863 3320 946 3425 ipsa
970 3322 999 3399 si
1024 3325 1180 3405 animos

84 3429 362 3505 convertimus
399 3426 620 3523 eademque
659 3454 752 3503 cum
782 3424 934 3501 iudicio
966 3426 1182 3525 diligenter

84 3530 420 3629 contemplamur,
439 3528 668 3605 videbimus
679 3528 770 3603 saue
784 3532 827 3603 in
841 3528 996 3631 scriptis
1014 3530 1184 3609 illorum

81 3646 297 3735 praecepta
325 3646 443 3725 atque
471 3626 587 3703 effata
610 3634 834 3731 praeclara,
871 3630 984 3705 (unni
1006 3632 1181 3705 lectione

84 3734 207 3833 digua
232 3758 277 3807 ac
297 3732 513 3829 diligenter
529 3730 799 3809 custodienda.
851 3736 943 3809 Nec
961 3748 1096 3807 tamen
1111 3756 1185 3807 nc-·¹

83 3834 265 3935 gaudum
283 3832 358 3921 est,
387 3836 500 3922 illos,
526 3834 587 3907 uti
604 3834 646 3906 iu
662 3836 828 3931 reliquis
846 3834 1074 3935 theologiae
1092 3856 1184 3933 par·-

81 3938 214 4024 tibus,
238 3937 294 4009 ita
311 3934 445 4009 iubae
470 3958 633 4031 quoque
657 3964 679 4009 a
694 3938 873 4013 veritatis
896 3936 961 4013 via
979 3958 1182 4029 nonnum·

82 4064 206 4139 quam
225 4032 417 4111 aberrasse
437 4062 480 4109 ac
497 4036 632 4111 variae
642 4038 926 4113 imbecillitatis
941 4036 1183 4139 documenta

80 4136 302 4241 reliquisse.
369 4140 602 4215 Generatim
641 4139 690 4219 ab
728 4164 800 4235 eo,
842 4140 955 4241 quod
985 4133 1181 4213 Ecclesiae
