2542 4724
8 274 154 384 “rot
293 320 297 325 ·
410 268 839 403 elenau..
926 371 974 419 .-

76 496 197 581 dicitu
223 494 460 593 recipiendus
478 492 527 569 est
542 494 657 585 liber,
685 498 773 593 quia
791 496 1006 605 exercitatio
1016 498 1176 593 nomini

68 599 271 674 interdum
299 624 345 670 ex
366 616 462 673 voto
495 598 613 685 cedit,
656 596 972 691 stilumalicuius
1005 602 1174 673 auctoris

64 700 292 795 ,praesertim
315 700 366 770 in‘
380 722 492 795 opere
509 700 613 773 haud
627 702 785 797 prolixo
804 700 851 783 ad
868 702 1001 799 vivum
1017 700 1174 791 imitari.

39 802 231 872 -·Interirn
252 818 379 873 tamen
398 797 605 874 differentia
633 820 697 874 aut
716 802 980 874 convenientia
999 798 1072 883 stili
1093 820 1173 877 tarn

14 928 33 1001 j
78 900 231 997 evidens
248 900 316 974 elle
332 898 452 999 potest
468 900 643 992 subinde,
670 923 716 976 ut
733 896 900 978 veritatie
919 921 986 976 aut
1000 898 1196 979 falfitatisf
1209 960 1214 965 -

79 1002 269 1085 criterium
287 1002 332 1075 fit
350 1003 623 1105 irrefragabile..

183 1105 336 1177 Criteria
353 1120 507 1179 externa
523 1124 725 1203 petuntur:
762 1102 814 1203 1.)
837 1106 883 1179 ab
905 1106 1175 1215 antiquie-'Ma-

61 1205 299 1301 ,nuscriprin
325 1209 382 1307 ¹in
410 1209 560 1302 quibus‘
573 1208 718 1281 nonlcn
733 1194 931 1311 Alictoris,
969 1210 1077 1295 cuius
1095 1206 1176 1285 elle

81 1308 318 1391 credebatur,
358 1310 422 1382 vel
443 1311 555 1405 plane
576 1335 661 1401 non
682 1311 889 1398 indicatur,
931 1312 994 1382 vel
1018 1312 1175 1383 alterius

44 1419 47 1423 ’
81 1412 194 1484 'etiam
216 1408 359 1483 disertis
375 1410 498 1483 verbis
518 1412 624 1507 operi
639 1412 878 1513 praeligitur:
912 1408 1175 1511 Manuioripto

6 1578 17 1589 ,
44 1556 61 1583 s
79 1531 207 1585 autem
224 1538 302 1609 quo
320 1513 406 1584 sunt
420 1510 623 1609 vetulv'ora
647 1533 685 1587 et
702 1516 949 1599 correctiora,
986 1538 1030 1605 eo
1051 1513 1176 1587 maio·

80 1615 131 1687 ris
148 1615 236 1685 sunt
251 1612 485 1701 aestimanda.
525 1616 581 1707 2.)
600 1616 705 1688 Vela
723 1612 961 1700 testimonio,
985 1614 1049 1689 vel
1064 1612 1188 1687 filen··

78 1718 137 1788 tio
162 1735 333 1788 veterum
356 1736 577 1792 auctorum:
610 1717 657 1811 ab
682 1715 855 1812 ipsorum
883 1718 1041 1813 inquam
1072 1712 1174 1790 telli-

34 1826 38 1831 ’
78 1817 239 1899 monio,
271 1814 300 1891 fi
322 1817 535 1891 formaliter
549 1818 613 1891 vel
638 1819 744 1890 claris
761 1818 883 1890 verbis
901 1818 1042 1889 librum
1064 1820 1175 1891 velut

79 1918 315 2013 suppositum
334 1921 526 2004 reiiciunt,
561 1922 622 1993 vel
639 1920 703 1991 alii
719 1920 866 1993 auctori
883 1920 1120 2008 adscribunt3
1151 1944 1174 1992 a

79 2018 226 2094 silentio
252 2020 441 2117 ipsorum,
476 2022 617 2095 finihil
637 2022 717 2095 eius
733 2040 966 2105 memorant,
1002 2045 1090 2117 cum
1109 2046 1174 2095 oo·

80 2118 266 2195 calionem
296 2140 424 2196 tamen
447 2118 602 2197 dicendi
624 2123 836 2196 habuerint.
889 2126 1175 2219 Argumentum

26 2254 32 2267 ·
51 2272 56 2291 .
78 2221 537 2327 hoc'negatirum'magni
553 2225 743 2299 interdum
762 2222 810 2297 est
827 2224 1017 2321 ponderis,
1044 2222 1121 2297 lie.
1137 2248 1173 2343 g.

77 2325 225 2426 integra
251 2352 385 2424 opera,
421 2350 517 2424 quae
541 2327 659 2400 veteri
677 2326 837 2399 'cuidam
862 2325 1011 2398 auctori
1038 2324 1174 2399 adsen-

78 2426 241 2515 buntur,
275 2431 352 2502 toti
376 2429 592 2525 antiquitati
615 2427 772 2500 fuerunt
796 2428 950 2527 ignota3
984 2425 1173 2501 liomnes

78 2529 155 2614 illi,
183 2532 249 2627 qui
268 2530 312 2602 de
330 2531 506 2627 operibus
526 2524 727 2603 aucto'rum
743 2530 870 2601 locuti
886 2529 994 2614 sunt,
1019 2552 1173 2601 eorum·

1 2677 3 2682 -
79 2655 153 2727 que
176 2634 392 2731 catalogum
415 2634 457 2704 in
481 2632 731 2735 peculiaribus
758 2632 903 2726 scriptis
930 2630 977 2701 ad
999 2626 1180 2727 posteros

62 2722 385 2818 'transmiserunt,
416 2734 530 2806 huius
557 2733 681 2829 operis
702 2759 752 2804 ne
774 2734 891 2805 verbo
918 2731 1082 2828 quidem·
1096 2756 1173 2805 me·

65 2832 240 2920 minere3
271 2831 415 2907 filiber
438 2835 724 2907 Catholicorum
739 2832 1012 2933 hypothefib'ue
1033 2830 1172 2907 favenc'

79 2935 126 3007 ab
151 2936 204 3009 eis
228 2959 312 3008 non
334 2936 471 3009 citatus
496 2935 590 3022 fuit,
625 2937 691 3031 qui
712 2936 797 3008 data
823 2954 948 3008 tamen
976 2932 1172 3009 occasione

79 3035 195 3110 citare
212 3062 300 3111 eum
312 3036 519 3134 potuilient
535 3062 577 3111 ac
599 3036 817 3125 debuissent,
836 3037 999 3109 maxime
1016 3032 1068 3109 eil
1083 3058 1172 3134 pro·

78 3136 220 3225 babile,
236 3139 377 3220 librum
390 3135 502 3211 istum
519 3137 587 3213 effe
603 3138 849 3236 suppositum.
885 3142 1039 3211 Certum
1056 3138 1173 3213 etiam

79 3234 151 3325 est,
183 3241 231 3311 ad
248 3240 361 3313 fidem
385 3240 474 3325 libri
496 3239 654 3313 alicuius
672 3240 974 3313 imminuendam
992 3234 1176 3331 sufficere,-
1204 3302 1207 3309 .

56 3338 107 3414 ‘st
129 3336 152 3413 h
175 3342 293 3415 nullis
319 3341 484 3436 antiquis
510 3342 692 3441 allegatus
719 3336 787 3427 est,
821 3342 986 3439 ideoque
1007 3336 1172 3443 inligoct

76 3442 265 3540 planeque
281 3440 517 3515 authenticos
534 3443 720 3545 genuinae
737 3442 971 3540 antiquitatis
985 3442 1173 3517 characte-

77 3566 137 3615 res
154 3542 407 3641 praeseferat
426 3561 598 3640 oportet,
633 3562 678 3617 ut
695 3542 773 3617 fine
795 3544 1101 3617 contradictione
1117 3544 1172 3617 r'c·

78 3642 275 3739 cipiaturt.
300 3674 321 3719 e
350 3646 539 3718 contrario
572 3648 718 3728 au'tem,
756 3644 785 3719 fi
810 3648 872 3719 vel
893 3649 995 3718 leves
1019 3638 1174 3719 trintum

77 3747 315 3820 coniecturae
332 3748 485 3833 adsunt,
517 3766 555 3819 et
577 3748 725 3843 antiqui
750 3748 796 3820 de
815 3750 883 3820 illo
902 3746 1062 3831 sileant,
1076 3746 1173 3843 quin

78 3845 127 3918 ed
140 3848 400 3945 suppofititios
417 3846 462 3921 lit
481 3846 710 3935 referendus,
735 3850 886 3920 nullum
906 3846 954 3921 est
972 3847 1147 3919 dubium.

178 3957 260 4025 Hae
275 3951 416 4023 luntre
446 3950 527 4023 ulae
543 3948 755 4023 criticae'ad
770 3948 1035 4022 discernendos
1049 3948 1173 4023 libros

75 4046 191 4124 falsos
218 4071 256 4125 et
282 4052 402 4149 suppo
432 4070 493 4123 tos
528 4076 549 4123 a
573 4052 679 4125 libris
703 4051 802 4125 veris
836 4071 949 4146 atque
981 4052 1172 4151 genuinis,

75 4176 235 4247 quarum
269 4154 453 4250 quaedam
489 4151 576 4224 imit
610 4149 941 4238 demonstrativae,
985 4153 1174 4251 quaedum
