2542 4724
126 278 206 365 756
439 280 585 353 car.
616 271 716 348 xlv.
767 267 922 365 §.13st

130 477 326 547 Teutam
347 465 443 536 Pars
456 462 644 534 Actorum
667 460 765 528 inter
780 446 901 551 Afiot.
923 466 962 527 et
984 456 1228 553 reliquosEc·

131 561 258 665 clcfios
264 563 380 669 super
397 600 446 619 -
462 556 656 732 Pcpcltotis
674 573 850 652 tarrrpore.
903 557 1067 631 Helmst.
1089 561 1178 635 767.
1197 560 1228 635 4.

131 674 178 747 Α.
202 677 414 742 Naannnn
448 666 505 736 Ue
534 714 541 729 .
567 666 610 730 V
608 649 849 757 erntzlnffung
873 685 909 728 u.
935 654 1231 762 Beschaffeniteit

134 774 170 845 ci.
188 760 338 865 iiltceslcrt
353 755 767 863 Pascltastreitigleeit‘iu
791 761 825 829 d.
846 750 980 855 citriftl.
1009 764 1231 845 Kircltesiu

51 885 57 892 '
133 879 357 947 antonum
373 893 410 937 u.
430 873 705 937 Tzscmnntan
719 860 860 933 Archiv
871 887 902 932 a.
915 862 1030 935 1823.
1049 868 1230 939 Particu

134 992 174 1046 et
188 975 229 1043 F.
247 976 308 1042 W.
326 973 556 1040 Rauraanc
574 969 656 1033 Der
670 951 918 1062 Poscltoflrcic
933 964 971 1032 d.
989 966 1101 1037 alten
1112 966 1232 1039 Kircltc

135 1078 174 1146 in
186 1065 303 1171 seiner
316 1068 540 1164 Bedeutung
561 1094 596 1135 u.
612 1055 756 1162 seinem
779 1067 824 1135 V
821 1063 993 1162 crloufe3
1018 1068 1064 1138 in
1081 1074 1233 1141 quen

135 1166 317 1273 Zeitlclir.
339 1168 372 1265 f.
391 1156 472 1259 hisi.
496 1166 624 1237 Theoi,
643 1171 690 1249 ΙΙ,
707 1166 743 1236 2.

241 1268 395 1343 Constat
416 1286 626 1363 praeterea,
649 1266 770 1361 qualis
795 1264 844 1337 iis
860 1262 980 1357 fuerit
994 1267 1104 1343 inter
1117 1275 1231 1343 Patres

135 1369 320 1451 Ecclesiae
345 1372 390 1441 de
412 1373 606 1466 Baptismo
625 1371 923 1455 Isocraticorurm
939 1366 1018 1441 live
1035 1396 1101 1456 eo,
1119 1370 1233 1468 quial

135 1472 343 1551 Haereticis
376 1466 662 1542 administratur.
729 1470 938 1564 Cyprianus
979 1471 1102 1545 illum
1136 1476 1235 1571 plane

136 1575 277 1658 reiecit,
307 1597 377 1643 nec
406 1570 594 1643 dubitavit
625 1567 822 1656 affirmare,
857 1569 1112 1665 Baptismum
1143 1576 1234 1647 huuc

134 1675 293 1751 omnivi
308 1690 420 1767 atque
436 1672 659 1744 auctoritate
676 1696 808 1756 careae,
819 1695 860 1742 ac
870 1672 935 1767 qui
952 1672 1001 1743 ab
1012 1676 1231 1761 Haereticis,

136 1780 164 1852 l.
177 1774 428 1849 Schismaticis
444 1774 626 1869 baptizati
649 1770 812 1858 fuerint,
839 1797 903 1844 eos
926 1769 1079 1847 iterum
1097 1774 1234 1847 salutati

138 1902 236 1974 aqua
253 1874 553 1960 abluendos-effe,
573 1874 639 1946 ubi
651 1870 708 1946 isti
725 1873 913 1947 adseram
931 1876 1233 1973 catholicamque

136 1975 338 2055 Ecclesiam
356 1976 392 2049 se
411 1975 637 2048 consonent.
689 1980 780 2046 Non
797 1993 922 2047 tamen
943 1972 1233 2051 existimandum

137 2077 201 2165 est,
220 2078 452 2174 cyprianum
468 2074 574 2149 suilse
591 2076 769 2172 primum,
790 2077 856 2172 qui
871 2076 941 2170 pio
965 2077 1158 2151 sententia
1175 2080 1233 2149 hac

138 2196 336 2281 pugnaret.
388 2184 469 2251 Iam
494 2184 691 2250 antaeum
716 2179 816 2273 apud
840 2179 1054 2253 Orientales
1075 2180 1233 2255 eculeos

136 2283 353 2379 Baptismus
385 2281 672 2351 Haereticorum
706 2279 923 2372 repudiatus
956 2277 1018 2351 est.
1086 2288 1232 2355 Senten-

135 2387 230 2457 tiam
255 2383 370 2466 hanc‚
395 2399 500 2452 antea
524 2381 602 2453 iam
624 2380 821 2465 traditam,
846 2382 1055 2453 renovavit
1077 2385 1144 2457 ille
1162 2404 1232 2455 tau·

132 2505 220 2559 tum
255 2501 293 2554 et
324 2508 442 2577 quum
477 2479 581 2554 istam
614 2480 681 2553 elie
712 2482 859 2573 firmam
892 2479 960 2552 fibi
983 2484 1231 2579 persuaderet,

133 2611 206 2683 pro
236 2585 286 2656 'ea
323 2609 405 2656 non
445 2584 570 2654 solum
610 2583 724 2656 variis
764 2579 961 2679 Epistolis‚
1011 2584 1083 2659 sed
1127 2588 1230 2659 etiam

134 2685 321 2781 synodis,
372 2686 591 2780 praecipuae
634 2702 764 2756 contra
808 2687 1070 2781 Stephanum,
1119 2688 1229 2785 Epist.

133 2794 248 2864 Rom.
259 2840 269 2872 ,
305 2786 371 2881 qui
397 2787 681 2857 Haereticorum
705 2785 942 2880 Baptismum
977 2812 1066 2861 non
1094 2790 1230 2887 impro-

133 2889 257 2973 bavit,
299 2912 436 2986 magna
468 2887 586 2957 animi
617 2882 816 2959 affectione
850 2886 1051 2961 dimicavit
1085 2914 1231 2989 remque

135 3006 357 3088 arroganter
392 2988 480 3061 satis
520 2988 704 3060 tractavit.
757 2986 942 3061 Afrorum
970 2994 1148 3090 Legatos
1177 2992 1230 3063 ad·

133 3091 285 3163 mittere
303 3090 432 3161 noluit
446 3089 569 3185 iisque
583 3106 727 3162 tectum
738 3108 774 3161 et
791 3089 1004 3185 hospitium
1024 3094 1229 3192 denegavit.

134 3192 240 3269 Pacis
258 3215 300 3263 ac
315 3188 605 3281 communionis
615 3191 812 3262 vinculum
828 3215 1007 3285 rumpere
1023 3190 1098 3265 fibi
1112 3192 1230 3269 sumit

133 3310 246 3387 atque
264 3315 328 3363 eos
353 3291 578 3365 devitandos
595 3290 663 3363 esse
687 3292 846 3388 putavit,
871 3292 939 3387 qui
951 3291 1004 3364 'ab
1026 3296 1228 3369 Haereticis

133 3392 348 3487 baptizatos
369 3394 509 3466 iterum
530 3391 631 3464 sacro
661 3391 771 3463 sonte
795 3393 1022 3490 purgandos
1056 3396 1130 3471 elle
1154 3396 1229 3471 alle·

132 3509 321 3567 verarunt.
376 3500 504 3591 Quum
533 3494 586 3564 ita
621 3495 830 3589 Stephanus
854 3493 982 3567 senten
1008 3522 1176 3597 magnae
1197 3514 1227 3571 et

132 3595 244 3667 rebus
277 3590 480 3668 christianis
513 3596 748 3669 calamitosae
774 3591 1006 3669 dissensionis
1035 3598 1225 3700 spargeret,

132 3694 343 3792 Cyprianus
358 3696 399 3767 id
415 3696 522 3768 omni
538 3691 660 3768 studio
680 3697 768 3795 ogit,
783 3710 835 3766 'ut
852 3698 934 3769 vim
946 3697 1059 3775 illius
1076 3700 1227 3774 sactum·

131 3822 206 3893 qno
228 3792 474 3895 exstingueret
498 3822 539 3870 ac
563 3798 877 3893 tranquillitatem
892 3804 1225 3876 connnunionem·

130 3923 204 3993 que
231 3892 506 3971 ecclesiasticam
529 3898 771 3970 conservaret.
826 3904 930 3969 Inter
957 3901 1112 3998 scripta,
1141 3926 1224 4003 quae

128 4001 173 4071 do
191 3995 450 4071 Controversia
464 3998 533 4071 hac
550 3996 755 4095 composita
771 4016 884 4097 atque
899 4000 1003 4073 edita
1027 4007 1128 4089 sunt,
1147 4004 1223 4079 emi·

123 4118 192 4175 net
212 4094 379 4197 Epistola
403 4105 683 4189 Fmruiumur,
710 4100 832 4199 Episc.
858 4103 1064 4183 Caesareae
1091 4115 1222 4207 capp*
