2542 4724
58 706 69 728 ἡ
208 624 410 722 Dogmata
435 614 533 693 fidei
555 615 638 719 ipsa
661 616 813 718 duplici
827 613 958 693 'modo
980 615 1024 691 in
1038 621 1205 699 Panum

106 723 368 803 monimentis
387 718 532 795 tradita
550 745 596 815 ac
612 717 844 795 conservata
859 716 960 795 sunt.
993 720 1073 793 Alii
1092 724 1206 799 enim

108 826 181 902 ista
199 824 329 899 oblata
343 836 499 897 tantum
518 818 724 895 occasrone
742 820 1011 918 explicarunt,
1039 822 1205 918 quando

107 925 326 1029 praecipue
361 919 578 997 adversarii
599 917 785 994 ¹caelestis
820 917 1026 1009 doctrinae
1060 918 1211 1023 profit·

40 1026 45 1037 '
110 1024 234 1129 gandi
257 1040 373 1121 atque
392 1046 550 1097 errores
568 1047 710 1095 eorum
728 1017 966 1125 confutandi
982 1038 1108 1112 eraut,
1137 1026 1208 1098 alii

64 1132 67 1137 ’
110 1143 246 1203 autem
262 1124 390 1199 studia
408 1122 477 1197 sua
497 1121 547 1197 ad
562 1117 658 1196 fidei
675 1121 863 1197 articulos
884 1123 1131 1199 enarrandos
1148 1127 1207 1199 ita

16 1234 24 1257 ‘
111 1226 393 1314 contulerunt,
408 1239 466 1311 ut
492 1249 542 1298 ex
567 1223 691 1299 animi
716 1221 877 1299 decreto
900 1238 1014 1318 atque
1031 1224 1208 1300 exinsti-

28 1346 37 1365 ‘
73 1398 77 1407 ,
109 1341 198 1403 tuto
217 1325 268 1401 ad
279 1326 461 1401 laborem
474 1324 584 1399 hunc
602 1321 918 1423 aggrederentur
936 1349 981 1398 ac
990 1322 1208 1425 smgadaria

113 1427 164 1503 de
178 1428 258 1502 illis
281 1427 532 1501 monimenta
552 1439 845 1525 componerent
862 1434 979 1520 atque
999 1423 1049 1498 ad
1072 1426 1208 1527 poste-

16 1596 41 1625 „
110 1554 180 1605 ros
207 1527 537 1605 transmitterent.
589 1530 638 1600 In
659 1524 722 1600 his
748 1526 886 1600 locum
908 1523 980 1600 fibi
996 1521 1206 1602 fecerunt:

212 1657 548 1739 murmannus,
574 1655 641 1750 qui
656 1655 808 1749 reliquit
823 1654 995 1726 libellum
1010 1653 1057 1728 de
1071 1651 1207 1759 Resur-

112 1760 289 1843 rectione,
317 1757 461 1852 saepius
484 1757 627 1828 editum
646 1781 774 1855 graece
792 1779 835 1827 ao
849 1756 976 1828 latine.

214 1866 568 1953 TaurunnrnnuS,
595 1859 701 1930 cuius
719 1857 796 1929 duo
815 1855 948 1951 scripta
967 1857 1014 1928 ad
1028 1880 1102 1929 nos
1122 1882 1208 1953 per·

111 1978 314 2044 venerunt,
340 1961 428 2031 loco
450 1960 525 2030 hoc
546 1960 800 2031 memoranda.
852 1954 1093 2032 Alterum'est
1109 1959 1209 2033 liber

113 2062 160 2134 de
188 2065 404 2157 Baptistae,
448 2061 524 2132 cui
544 2058 776 2134 occationem
812 2060 985 2156 praebuit
1020 2059 1208 2157 Quintilla

112 2163 318 2258 quaedam,
347 2186 441 2257 quae
464 2160 640 2234 Caianam
665 2158 827 2233 haeresin
852 2158 1032 2256 professa,
1056 2162 1207 2257 Baptis-

41 2340 50 2369 Ι
113 2288 223 2339 mum
249 2262 508 2361 impugnavit,
536 2287 579 2334 ac
597 2264 802 2358 plerosque
827 2262 1135 2359 Carthaginenses
1159 2262 1209 2335 ad

112 2382 236 2463 partes
271 2366 353 2437 suas
387 2365 520 2451 traxit;
559 2366 718 2436 alterum
754 2360 803 2437 est
832 2364 926 2436 liber
958 2364 1003 2437 de
1034 2357 1209 2466 Resurre-

115 2470 236 2539 ctione
253 2469 382 2538 carnis.

211 2573 419 2639 Hrunnrus
438 2565 593 2652 Pictura,
611 2566 717 2639 cuius
728 2590 823 2661 opus
841 2566 886 2636 de
903 2567 1209 2641 TrinitateLibb.

112 2673 186 2740 XII
212 2669 257 2739 ab
274 2668 409 2737 iniuria
427 2668 608 2761 temporis
624 2663 662 2739 se
677 2668 882 2740 vindicavit
898 2686 935 2738 et
950 2668 996 2737 ad
1011 2691 1083 2740 nos
1105 2668 1209 2742 dela·

115 2785 199 2841 tum
227 2765 285 2840 est.
335 2770 508 2841 Multum
532 2768 629 2840 illud
658 2769 788 2840 laudat
809 2774 1005 2840 Ennsmus
1031 2770 1209 2867 Praefert.

116 2872 167 2941 ed
185 2870 322 2940 Hilarii
340 2873 484 2965 Opera,
510 2870 632 2943 verbis
648 2871 727 2943 his:
765 2871 925 2940 Videtur
944 2883 1026 2939 tota
1042 2874 1081 2940 vi
1097 2877 1210 2943 arrui-

106 2963 185 3072 sus‚
213 2973 307 3041 utin
324 2969 519 3066 decepere
538 2971 744 3042 declararet
760 2986 872 3066 atque
883 2968 1082 3056 'mercena
1101 2974 1211 3068 quid-

118 3072 207 3167 quid
234 3066 461 3167 eloquentia,
496 3070 673 3167 quidquid
686 3066 884 3174 sacrarum
911 3073 1121 3143 litterarum
1150 3100 1212 3147 co·

116 3176 285 3271 guitione
297 3166 426 3274 poffet,
455 3174 521 3268 qui
538 3175 629 3245 etin
646 3174 825 3245 librisnis
842 3174 1086 3244 emendandis
1102 3200 1212 3271 prae·

117 3274 227 3370 cipue
241 3273 465 3373 [iugularem
482 3298 634 3369 operam
648 3274 785 3371 posuit.

85 3416 100 3441 .
215 3380 412 3448 Basrurua
436 3380 626 3473 Magnus,
662 3377 737 3447 huc
767 3373 984 3466 referendus
1013 3374 1063 3448 ob
1087 3375 1214 3453 libros

117 3474 214 3548 dnos
237 3484 303 3574 περὶ
324 3480 543 3569 βαπτίσματος
566 3477 611 3547 de
625 3481 842 3572 Baptistae,
872 3475 1061 3571 speciatim
1087 3478 1137 3550 de
1152 3480 1237 3551 iu·-

116 3572 310 3650 stitutione
325 3604 486 3675 ¹eorum,
522 3579 588 3673 qui
611 3579 763 3651 salutari
796 3602 891 3673 aqua
916 3578 1094 3649 abluendi
1121 3579 1215 3653 sunt

117 3678 237 3773 deque
275 3678 353 3754 vita
394 3680 597 3763 sanctiore,
645 3706 665 3752 a
699 3681 897 3772 baptizatis
935 3681 1213 3775 amplectenda.

115 3778 217 3853 Addi
239 3776 360 3875 potest
380 3786 543 3853 Bastuli
570 3781 682 3854 huius
707 3784 800 3854 liber
822 3785 891 3873 περὶ
916 3787 975 3854 τοῦ
999 3787 1088 3868 ἁγίου
1112 3782 1215 3855 everi·

114 3907 220 3975 ματος
244 3883 289 3954 de
307 3885 449 3978 Spiritu
466 3887 503 3952 S.
521 3883 573 3951 ud
591 3881 909 3978 Amphilochium,
935 3882 1057 3953 Iconii
1072 3884 1113 3953 in
1133 3889 1215 3977 Ly·

116 3982 248 4055 caonia
272 3984 521 4079 Episcopum,
558 3985 624 4077 qui
647 3986 805 4080 scriptus
838 3984 990 4080 quidem
1025 3980 1075 4055 est
1101 4009 1217 4057 occa·

114 4080 217 4158 sione
239 4085 508 4171 Aetianorum,
541 4085 723 4183 Spiritum
745 4091 780 4158 S.
806 4087 916 4160 rebus
938 4085 1068 4160 creatio
1093 4110 1216 4183 prave
