2542 4724
49 212 202 371 'tot
440 224 717 338 'citor
770 256 931 354 tet.-

124 450 199 534 dit,
226 446 374 535 falsam,
401 471 557 530 vanam,
583 446 781 520 ridiculam
799 447 867 520 esso
885 448 1041 520 illorum
1060 449 1213 548 religio-

121 576 232 633 nem;
260 575 302 621 ac
323 553 431 620 tertio
450 550 610 645 denique
626 551 665 619 id
684 550 779 646 agit,
806 567 850 618 ut
866 551 1020 644 probet,
1048 553 1215 647 Scripto-

120 674 180 723 res
196 651 384 736 ethnicos,
410 667 558 745 poetas,
585 648 799 732 historicos,
823 650 1073 746 philosophos
1091 654 1217 725 multa

120 772 230 837 vana,
258 749 361 836 falsa,
387 752 513 844 inepta
532 749 576 820 de
592 752 676 824 Diis
693 775 735 821 ac
755 751 800 822 de
816 751 987 822 moribus
1004 751 1216 839 tradidille3

120 848 313 926 historiam
331 869 464 930 contra
480 849 597 923 Mosrs
622 853 795 922 omnium
822 850 888 924 esse
911 849 1134 924 verislimam
1159 873 1218 925 at·

122 978 197 1049 que
221 948 519 1048 antiquissrmam.
572 952 617 1021 Id
639 953 744 1047 quod
768 971 811 1022 ut
840 952 995 1047 probet,
1022 951 1218 1027 historiam

122 1054 434 1151 chronologicam
451 1052 496 1122 ab
516 1069 600 1123 ortu
615 1054 754 1140 ,mundi
771 1078 889 1146 usque
906 1054 952 1122 ad
968 1050 1218 1150 suatempora

123 1155 320 1251 pertexuit.
380 1159 438 1226 Ex
462 1153 519 1226 his
545 1153 629 1225 satis
655 1150 704 1226 est
729 1150 985 1239 manifestum,
1021 1156 1217 1252 Theophi-

120 1257 205 1330 lum
221 1280 303 1327 non
322 1251 496 1355 cogitasse
518 1254 563 1325 de
579 1255 762 1326 methodo
781 1251 1018 1347 systematica.

224 1362 426 1429 Cuntinus
452 1356 580 1441 Alex„
616 1355 661 1429 de
693 1381 770 1452 quo
800 1358 980 1427 nonnulli
1007 1354 1215 1444 affirmant,

122 1482 212 1533 eum
236 1460 276 1528 in
300 1456 406 1531 libris
431 1451 661 1529 ductorductor
685 1454 837 1549 systema
862 1460 1125 1556 theologicum
1153 1484 1218 1530 ex·

119 1559 298 1645 tribuite,
333 1560 454 1632 immo
488 1560 654 1654 primum
682 1557 807 1643 fuisse,
844 1560 910 1656 qui
940 1559 987 1631 ad
1021 1559 1217 1633 eiusmodi

123 1687 222 1758 opus
249 1660 522 1758 aggrederetur.
576 1661 736 1756 Quando
759 1662 896 1732 Arrun.
924 1667 1139 1733 Hremuus
1170 1665 1218 1739 de

122 1764 269 1860 origine
288 1762 509 1834 huiusmodi
526 1761 711 1832 librorum
734 1761 925 1857 loquitur,
952 1761 1051 1834 inter
1068 1762 1139 1833 alia
1160 1764 1217 1837 di·

121 1866 193 1936 cit:
222 1865 266 1933 de
284 1865 427 1935 ratione
437 1854 538 1961 stud.
557 1862 665 1934 theol.
694 1863 803 1935 Libb.
819 1868 883 1934 ΙΙΙ.
912 1868 999 1958 Cap.
1014 1865 1046 1936 1.
1072 1864 1215 1958 p-396.

119 1970 256 2058 Itaque
278 1966 420 2058 primus
440 1964 521 2059 fere
537 1957 729 2065 aggreffus
745 1953 813 2060 est,
841 1965 880 2033 id
888 1962 1041 2063 facere,
1069 1968 1216 2037 circiter

119 2091 262 2138 aureum
280 2055 454 2161 oChristo
473 2080 565 2137 noto
576 2056 812 2164 eentestmuut
829 2057 1105 2163 octogefimum,
1131 2062 1216 2139 Cte-

119 2192 224 2239 meus
241 2165 535 2251 Alexandriana,
564 2171 625 2261 qui
650 2170 687 2237 iu
712 2165 942 2237 celeberrima
956 2164 1089 2267 schola
1110 2167 1217 2242 theo·

117 2270 247 2366 logico
268 2267 531 2339 Alexandrino
557 2268 669 2341 edidit
698 2266 809 2341 libros
833 2270 1039 2362 στρωματὲων
1065 2283 1151 2341 octo
1178 2284 1216 2342 et

56 2430 59 2435 .
118 2371 276 2440 totidem
302 2363 545 2442 ὑποτυπώσεων.
598 2375 645 2442 In
670 2394 827 2464 quorum
855 2373 972 2465 priori
995 2394 1104 2466 opere
1128 2396 1216 2443 cum

109 2463 230 2571 suerit
248 2468 394 2564 confert
408 2472 520 2541 etiam
534 2464 807 2571 philosophico,
837 2472 887 2542 od
904 2473 1088 2543 docendos
1104 2475 1215 2543 uimi-

118 2597 202 2642 rum
220 2571 557 2665 convincerrdosque
577 2573 733 2669 gentiles
741 2598 758 2650 ;
783 2576 820 2641 irr
845 2564 1037 2668 posteriori
1060 2598 1105 2644 ea:
1144 2575 1217 2646 olis

109 2665 230 2773 sacris
254 2673 387 2741 titteris
412 2672 596 2766 depromit
620 2666 808 2772 universo,
836 2673 1017 2767 referente
1040 2679 1097 2745 Eu
1115 2672 1216 2760 ebio,

118 2764 257 2868 Histor.
273 2765 391 2869 eccles
403 2773 483 2844 Lib.
500 2779 541 2842 V
537 2780 568 2845 I.
582 2776 671 2868 Cep.
681 2780 734 2843 ΙΙ.
786 2765 874 2869 Post
889 2767 1217 2873 queruDiortystus

116 2875 290 2971 quidam,
325 2876 523 2960 incertum,
561 2874 818 2948 Corinthiusue
843 2901 892 2946 ort
917 2876 1216 2963 Alexandrinus,

47 2972 50 2979 ¹
112 2966 281 3073 similiter
305 2970 532 3047 iuerordoeuv
557 2978 853 3074 theologicarum
887 2970 1002 3071 eruifit
1024 2978 1218 3057 volumen.

116 3081 257 3149 Verum
275 3076 378 3171 apud
393 3079 596 3152 Eusebium
612 3104 651 3150 ea
668 3103 749 3149 non
767 3077 864 3162 sunt,
883 3104 976 3172 quae
993 3084 1218 3155 Hrrzmus

116 3172 248 3252 existo
268 3180 430 3274 probare
443 3182 579 3252 voluit.
633 3181 803 3251 Clemens
821 3179 862 3250 in
879 3180 984 3250 libris
1001 3179 1059 3250 his
1079 3183 1221 3279 Hypo·

115 3270 297 3379 typoseou
328 3280 352 3351 s.
370 3274 647 3380 Institutionum
663 3281 858 3375 utriusque
876 3277 1123 3368 Testamenti,
1154 3308 1222 3355 ve·

114 3380 206 3454 teris
232 3398 268 3451 et
291 3382 407 3467 novi,
443 3382 654 3455 breviorem
680 3382 955 3453 enarrationem
979 3377 1148 3454 instituit
1174 3408 1223 3457 ac

118 3505 214 3581 quae
238 3475 543 3579 amagistro'suo
565 3489 757 3555 Pantaeno
783 3500 989 3576 acceperat,
1018 3485 1223 3559 amariori·

116 3583 189 3657 bus
207 3578 275 3676 ipsi
293 3584 447 3670 tradita,
476 3585 659 3682 exposuit.
714 3584 913 3678 Temporis
934 3583 1071 3653 iniuria
1092 3583 1221 3659 abstu-

115 3684 164 3759 lit
179 3683 292 3755 nobis
311 3709 407 3778 opus
426 3692 517 3769 hoc,
545 3688 583 3756 in
603 3711 678 3780 quo
706 3688 838 3780 impios
862 3702 898 3755 et
918 3677 1115 3782 fabulosos
1131 3680 1220 3788 ser·

116 3809 265 3871 moues,
300 3785 421 3861 inimo
448 3787 760 3882 blasphemiorum
784 3799 959 3880 portento
984 3783 1117 3872 inesse,
1144 3814 1219 3861 no·

118 3886 214 3960 tavit
231 3886 420 3960 Puorrns
442 3890 565 3959 Codic.
586 3892 686 3960 CIX.
708 3888 804 3959 CXI.
856 3893 1034 3957 Attamen
1053 3887 1218 3985 suspica·

117 4008 201 4071 tur,
229 3989 320 4058 haec
336 3991 381 4062 ab
399 3992 517 4063 aliena
543 4015 659 4061 mann
675 3989 800 4061 addita
819 3986 902 4072 esso,
930 4013 1010 4059 non
1029 3985 1108 4062 stne
1124 4017 1218 4086 pro·

120 4090 333 4172 habilitate,
362 4114 414 4165 ac·
431 4089 540 4164 simul
574 4090 859 4175 animadvertit,
892 4092 1014 4163 multa
1038 4092 1081 4165 in
1105 4093 1215 4169 libris
