2542 4724
433 297 520 381 Ca
547 322 581 370 r.
613 299 660 370 ll.
715 302 748 391 §.
783 298 837 373 15.
939 308 943 319 '
1112 304 1186 377 tta

45 513 121 569 ros,-
141 512 222 559 nee
239 510 339 558 uon
361 486 419 555 ad
437 489 663 580 antiquiores
680 488 856 559 editiones
870 479 1068 587 castigata,
1085 492 1178 559 rnul-

45 594 85 661 tis
106 604 239 661 aucta
254 640 270 671 ,
314 610 428 658 noca
454 590 777 681 interpretatione,
813 591 944 659 criticis
967 588 1178 685 praefatio·

47 688 167 775 ribus,
210 692 361 773 notis,
396 690 513 757 variis
536 686 749 759 lectionibus
773 680 976 784 illustrata,
1013 678 1111 762 rtova
1135 696 1175 763 S.

48 794 234 863 Doctoris
263 793 366 861 vita
394 803 433 859 et
464 780 708 887 copiofiffirnis
732 788 909 861 indicibus
933 792 1175 886 locupletata,

49 898 119 963 Par.
134 891 465 965 1721-30.111.
485 886 554 960 fol.
581 891 729 988 Singuli
738 891 834 963 tomi
844 892 1174 987 ornatisuntprac·

51 992 306 1075 sationibus,
338 990 544 1087 diligenter
561 1015 604 1061 ac
620 990 774 1087 copiose
792 986 1025 1088 conscriptis.
1069 1000 1195 1066 Prae·

51 1092 196 1167 satione
235 1090 357 1163 tomi
386 1091 502 1187 primi
527 1092 629 1189 varia
660 1108 877 1191 argumenta
905 1096 1173 1188 explanantur:

51 1202 188 1269 tuum
200 1218 276 1265 res
298 1216 387 1263 uno
405 1211 618 1277 momento,
642 1216 688 1263 an
707 1193 767 1264 sex
785 1193 930 1265 dierum
942 1196 1060 1289 spatio
1078 1222 1175 1267 crea·

50 1314 103 1369 tre
116 1294 231 1369 sint?
267 1294 323 1365 de
341 1294 451 1387 aquis
469 1292 577 1389 supra
595 1296 734 1378 caelos,
759 1292 804 1365 de
812 1295 976 1378 Psalmis,
996 1294 1176 1368 deTheo'·

53 1396 131 1469 dori
155 1397 436 1469 Heracleotae
467 1396 749 1467 Commentario
779 1414 893 1491 atque
918 1397 1010 1468 aliis.
1070 1403 1174 1493 Quas

10 1488 13 1547 l
51 1496 251 1595 praesams
283 1492 342 1567 est
367 1496 516 1566 Auctor
539 1496 587 1565 ad
611 1514 762 1568 tomum
786 1497 1012 1587 secundum,
1035 1497 1100 1569 illa
1123 1499 1173 1569 ad

54 1616 324 1671 monumenta
360 1595 564 1691 quaedam,
600 1595 734 1670 Basilio
762 1598 965 1692 adscripta,
1006 1598 1173 1693 spectant

56 1698 169 1797 fitque
198 1700 255 1771 de
285 1722 426 1770 eorum
458 1697 680 1770 auctoritate
705 1699 930 1795 disputatio,
969 1724 1065 1771 num
1091 1727 1173 1799 ger·

56 1797 378 1884 mamistanus,
413 1823 462 1870 an
490 1798 726 1870 adulterina?
762 1800 952 1894 speciatim
975 1802 1024 1871 ad
1049 1798 1172 1874 homi·

57 1904 121 1977 lias
137 1928 185 1975 ac
211 1902 362 1999 scripta
385 1899 547 1971 ascetica.
604 1900 842 1972 Praefatione
866 1902 965 1973 tomi
990 1904 1092 1973 tertii
1115 1929 1171 1976 re·

61 2004 267 2077 enitentur
290 2020 407 2096 atque
429 1994 659 2072 illustrantur
685 2003 862 2099 dogmata
890 2004 1071 2099 quaedam
1099 2012 1169 2076 Ba·

61 2102 126 2175 ilii
147 2104 200 2177 de
219 2128 306 2175 una
331 2104 395 2174 vel
417 2102 539 2173 tribus
566 2100 823 2197 hypostasibus
857 2103 897 2174 in
920 2105 1088 2199 personis
1115 2107 1172 2176 di·

63 2206 183 2289 vittis,
213 2206 267 2276 de
287 2200 523 2299 processione
537 2205 696 2299 Spiritus
708 2210 741 2275 S.
761 2230 806 2275 ex
818 2204 918 2287 filio,
947 2206 992 2276 de
1009 2208 1168 2294 mundo,
1257 2210 1260 2214 ’

10 2318 13 2413 j
63 2330 154 2379 unm
179 2306 254 2377 iile
280 2304 467 2399 temporis
484 2322 683 2375 momento
710 2324 854 2376 creatus
874 2303 1015 2376 suerit?
1043 2308 1088 2377 de
1106 2334 1170 2378 au·

10 2418 13 2499 ξ
65 2408 246 2479 nonme
266 2405 507 2489 traditionis,
537 2406 581 2476 de
600 2402 732 2477 Christi
748 2405 951 2500 praesentia
968 2406 1009 2479 in
1024 2413 1057 2477 S.
1076 2414 1170 2479 Coe·

66 2532 111 2579 na
135 2526 259 2605 atque
287 2508 370 2577 alia.
421 2508 596 2600 Sequitur
624 2506 899 2602 praefationem
923 2510 1020 2579 hanc
1044 2501 1183 2609 Bafilii-

71 2610 181 2695 Vtta,
210 2606 372 2705 copiose
388 2631 431 2678 ac
448 2607 647 2705 diligenter
668 2607 885 2704 composita.
901 2608 938 2699 ⁸¹)

165 2738 285 2809 Axr.
317 2734 557 2805 Accusatur
591 2738 799 2805 Tourrr'n
833 2734 894 2821 (et
921 2741 1170 2810 Prummu

70 2840 271 2919 Meam,
300 2834 367 2929 qui
385 2858 538 2930 operam
555 2834 761 2929 inceperat,
790 2834 851 2907 sed
864 2836 987 2908 labori
1005 2855 1083 2909 erat
1099 2839 1170 2911 im·

72 2940 268 3025 mortuus)
288 2940 328 3006 S.
349 2942 525 3007 Cusum
547 2931 880 3036 Hierosolanitani
900 2941 1046 3033 Opera,
1075 2964 1172 3029 quae

73 3028 218 3127 allant
261 3041 391 3107 ontnia
426 3053 461 3106 et
492 3040 566 3107 eius
585 3040 732 3108 nomine
755 3038 1082 3135 circumferuntur,
1108 3067 1168 3137 gr.

75 3152 107 3207 et
121 3140 215 3222 lat„
243 3138 298 3208 ad
320 3132 460 3238 rnsptos
476 3128 613 3224 Codri,
641 3164 794 3209 necnon
813 3134 1078 3239 adsaperiores
1095 3144 1171 3211 etli-

77 3242 189 3311 liones
216 3230 430 3337 castigata,
469 3231 775 3341 differtationibns
800 3253 836 3310 et
861 3243 959 3310 notis
984 3232 1169 3336 illustrata

78 3362 105 3407 c.
129 3366 231 3411 aava
266 3344 571 3437 interpretatione
604 3356 639 3412 et
672 3332 823 3440 copiofis
850 3338 1045 3424 indicibus,
1088 3348 1170 3415 Par.

81 3442 185 3513 1720.
214 3438 286 3513 fol.
323 3459 361 3513 et
384 3441 508 3515 recula
530 3449 657 3515 Vener,
676 3442 786 3515 1761.
815 3440 885 3513 fol.
936 3439 1094 3541 Insignis
1122 3439 1172 3514 est

80 3540 193 3613 editio
209 3542 305 3615 haec
321 3561 432 3641 atque
452 3544 550 3615 inter
565 3545 725 3641 reliquas
744 3569 876 3617 omnes
893 3539 1112 3640 praestantia
1129 3569 1172 3615 ac

82 3638 276 3735 splendore
294 3646 455 3717 omnino
474 3647 658 3743 princeps.
699 3644 867 3716 Ornandi
882 3646 988 3717 illam
1006 3642 1173 3717 Toutte‘e

87 3834 313 3853 w

114 3950 139 3977 ..
340 3938 355 3958 ἰ

129 3948 630 4092 )εέἑὶἶ,ῗῑῗ’ἴέἓιῗ·ὐίἓῗρῗ·έέ·
649 3953 895 4090 stillasse
910 3950 1107 4087 {instit
1125 3952 1176 4097 ‘ii

148 4082 271 4143 Samml.
288 4104 323 4163 υ..
339 4094 423 4141 attan
439 4086 506 4139 und
520 4104 621 4144 neura
636 4087 725 4149 theol.
745 4087 879 4149 sochen,
897 4094 971 4147 tm
989 4110 1020 4162 p.
1031 4094 1091 4146 tsi.
1120 4087 1176 4141 lt·

148 4168 261 4209 ureun
275 4154 355 4211 But.
371 4172 419 4225 gr.
436 4154 490 4222 lx.
507 4160 551 4217 16.
839 4231 865 4305 9
