2542 4724
122 230 201 313 ast
437 340 440 347 Ι
486 242 630 349 ομ.
657 242 734 329 vn
788 212 823 329 t.
848 236 931 311 tr.¹

122 424 245 523 glecta
260 420 348 497 sunt
366 446 411 495 ex
426 422 639 521 ignorantia
650 424 921 521 philosophiae,
945 422 1119 519 inprimis
1136 447 1215 495 nta-

122 524 199 597 iori
224 520 346 596 studio
378 525 467 595 artis
495 527 696 611 oratoriae,
731 551 845 619 quarn
868 524 1025 623 logicae.
1059 526 1217 597 Tertia

124 624 288 721 deniqne
306 624 434 697 referri
453 624 605 721 possunt
623 627 668 695 ad
680 628 835 709 Stilone,
865 651 940 721 quo
960 627 1069 697 latini
1087 631 1215 699 Patres

122 740 204 819 nm
230 752 361 809 ornnes
387 725 486 798 facili
512 753 554 797 ac
578 728 771 822 perspicuo
799 726 853 799 usi
879 728 982 813 sunt,
1013 727 1075 799 sed
1100 728 1216 799 inter·

126 828 220 901 dum
238 828 419 900 scribendi
436 852 554 926 genus
576 828 827 901 adhibuerunt
843 829 1055 913 obscurum,
1083 828 1217 901 alienis

123 930 284 1003 vocibus
308 930 570 1025 depravatum,
598 931 791 1028 turgidum
805 930 930 1001 nimis.
985 930 1217 1024 Exemplum

121 1032 277 1129 praebet
290 1038 636 1116 Tnnrurnranus,
663 1033 709 1103 de
722 1034 830 1109 cuius
846 1029 929 1103 stilo
942 1038 1217 1105 Lacraurrus

121 1122 259 1228 Infiitt.
276 1138 314 1218 1,
341 1136 374 1205 1.
394 1134 536 1206 scribit:
571 1136 770 1229 Septimius
793 1157 936 1229 quoqne
964 1132 1218 1223 Tertullianus

64 1282 68 1291 ·
118 1232 202 1331 fuit.
216 1237 318 1309 omni
330 1256 460 1332 genere
475 1236 683 1305 litterarum
696 1239 854 1331 peritus,
871 1227 941 1334 sed
956 1237 992 1306 in
1008 1232 1216 1327 eloquendo

121 1360 261 1432 parum
271 1333 397 1435 facilis
407 1349 443 1407 et
451 1339 571 1407 minus
580 1349 721 1409 comnis
733 1351 770 1407 et
776 1336 935 1407 neutrum
944 1330 1116 1435 obscurus
1121 1330 1215 1429 suit.

167 1504 170 1509 .
225 1436 265 1529 5)
290 1438 510 1509 Nonnullos
531 1437 630 1509 inter
646 1435 826 1513 Ecclesiae
844 1443 970 1531 Patres
991 1435 1073 1507 aliis
1089 1432 1219 1505 erudi.

121 1537 230 1613 uene
246 1556 358 1635 atque
375 1538 535 1637 ingeniis
552 1535 778 1635 praestitisse,
802 1529 1076 1637 inscriptorum
1088 1534 1216 1633 super,-

120 1635 353 1713 stitiosorum
375 1639 480 1711 libris
505 1640 671 1713 versatos
697 1638 784 1727 esse,
812 1667 858 1713 ex
873 1641 1037 1714 lectione
1052 1636 1217 1711 illorum

120 1738 348 1835 comparasse
370 1738 437 1811 sibi
453 1742 631 1813 notitiam
655 1738 893 1817 historiarum
916 1761 1027 1838 atque
1048 1738 1216 1837 antiqui-

120 1844 208 1913 tatis
225 1868 267 1914 ac
283 1840 403 1938 perid
422 1842 603 1915 maiorem
616 1844 767 1917 laudem
796 1843 862 1916 fibi
879 1838 1123 1939 acquisivisse,
1150 1864 1214 1913 ex·

122 1945 245 2038 empla
277 1950 450 2030 Patrum,
486 1970 573 2017 cum
610 1969 849 2043 graecorum,
885 1964 970 2018 tum
1001 1943 1216 2018 latinorum

120 2044 272 2117 abunde
287 2045 552 2143 comprobant.

222 2152 280 2219 Ex
298 2167 479 2219 onnncts
496 2147 695 2245 praecipue
713 2146 1039 2221 commemorandi
1055 2146 1161 2219 sunt:

219 2254 422 2319 Iusrmus
440 2249 618 2346 Martyr,
648 2251 713 2345 qui
735 2252 775 2321 in
793 2250 900 2321 omni
918 2249 1110 2345 disciplina
1126 2246 1213 2321 Phi·

117 2350 370 2446 losophorum
393 2351 557 2422 versatus
582 2348 630 2423 est
653 2376 694 2423 ac
709 2352 850 2425 scholas
867 2350 1122 2445 frequentavit
1134 2350 1213 2445 pri·

96 2478 227 2525 mum
253 2452 387 2533 Stoici,
415 2477 507 2524 mox
528 2454 783 2548 Peripatetici3
812 2453 947 2525 deinde
967 2451 1215 2551 Pythagorici

119 2578 162 2624 ac
193 2553 354 2648 denique
374 2552 560 2624 Platonici
584 2556 855 2650 praeceptoris,
882 2553 1032 2651 ipseque
1049 2552 1138 2625 satis
1153 2552 1214 2625 in·

116 2651 303 2737 structus,
332 2652 510 2750 dogmata
529 2652 720 2729 christiana
738 2682 803 2727 ore
823 2681 865 2726 ac
881 2655 1017 2751 scripto
1034 2652 1213 2727 adversus

117 2754 281 2847 ludaeos
300 2778 341 2825 ac
356 2754 530 2829 homines
554 2781 720 2855 paganos
737 2756 895 2854 feliciter
913 2756 1093 2829 defendit.
1153 2770 1164 2791 ⁸

128 2860 131 2867 '
219 2860 467 2941 Turrinus,
496 2858 601 2930 cuius
620 2859 770 2930 unicam
790 2861 1007 2930 Orationem
1024 2856 1077 2927 od
1091 2860 1212 2931 Grae·

92 2966 95 2977 '
116 2982 180 3033 ¹cos
197 2954 226 3027 fi
245 2957 328 3051 quis
343 2959 493 3055 legerit,
520 2958 630 3029 facile
644 2960 708 3029 ille
723 2960 926 3057 intelliget,
951 2965 1079 3033 Patres
1095 2982 1214 3055 qnos·

120 3058 208 3129 dam
244 3082 324 3129 non
350 3060 461 3131 rudes
484 3058 588 3131 fuisse
612 3056 848 3131 historiarum
874 3079 985 3157 atque
1009 3060 1211 3157 antiquita·

112 3178 213 3243 tunt,
234 3158 720 3259 hpraesertimlegerelibet,
740 3169 1212 3256 qnaeNmmNounnr,

115 3264 308 3357 Apparet.
328 3267 358 3347 1,
379 3260 464 3336 531.
485 3264 579 3333 banc
603 3261 643 3332 in
667 3289 745 3334 rem
769 3263 981 3335 adnotavit:
1010 3262 1055 3333 dc
1071 3263 1215 3335 artium

118 3380 156 3435 et
176 3361 410 3433 scientiarum
433 3363 715 3446 inventoribus3
750 3364 795 3435 de
821 3364 1057 3458 quorundam
1083 3366 1214 3437 Philo·

117 3464 328 3559 sophorum
351 3464 452 3535 vitiis
479 3480 515 3535 et
534 3464 798 3559 opinionibus,
831 3467 1024 3537 a'l'atiano
1042 3488 1212 3537 comme·

116 3566 294 3650 moratis;
323 3566 368 3635 de
391 3566 615 3661 quibusdam
640 3566 721 3638 aliis
736 3568 970 3661 Philosophis
993 3566 1210 3661 peripateti·

117 3667 169 3738 cis
188 3685 225 3739 et
241 3668 504 3765 grammaticis,
533 3694 696 3762 quorum
714 3665 933 3739 testimoniis
950 3686 1110 3740 aetatem
1127 3672 1211 3741 Ho-

115 3769 211 3839 meri
238 3769 373 3863 probat
399 3770 599 3851 Tatianus3
636 3770 680 3840 de
705 3770 928 3865 quibusdam
955 3768 1212 3861 Scriptoribus

113 3868 345 3952 Chaldaicis,
367 3870 615 3941 Phoenicibus
636 3888 670 3939 et
690 3872 880 3968 Aegyptiis
903 3872 949 3940 ad
969 3868 1209 3965 probandam

115 3969 234 4042 Mosts
265 3970 545 4063 antiquitatem,
572 3999 591 4041 a
615 3972 775 4043 Tl'utiano
804 3972 992 4053 adductis3
1019 3970 1066 4039 de
1088 3972 1210 4063 pluri·

115 4069 187 4147 bus
207 4071 288 4145 aliis
308 4072 557 4167 Scriptoribus
582 4091 618 4145 et
635 4074 859 4170 quibusdam
877 4070 1080 4147 illustribus
1097 4072 1211 4155 Viris,
